1730 3015
891 66 1043 176 84

257 226 348 273 Sed
364 224 588 276 Laertium
618 224 812 270 nominat
832 222 904 269 ille
936 239 1084 270 versus
1092 251 1120 282 ,-
1138 234 1179 270 et
1206 226 1613 286 grammaticusadf

257 301 344 347 dit:
405 300 640 358 „Laertius
674 316 771 362 pro·
808 298 992 344 Laertus
1051 299 1261 355 dicebant,
1313 298 1554 362 quomodo>
1574 310 1616 347 et

260 376 414 423 Graeci
443 376 671 440 Λαέρτιος
712 391 792 437 pro
832 374 1096 440 Λαέρτης..“
1127 402 1184 429 -,-
1246 374 1473 421 Centuri
1502 373 1616 422 Livii

261 462 314 505 (v.
346 450 463 495 Fest.
497 469 538 495 v.
574 449 833 502 Petrarum.)
880 459 922 494 et
958 448 1181 511 Lydius·
1202 448 1334 511 (apud
1364 447 1546 494 eundem
1574 465 1616 493 v.

258 524 411 578 Scena)
446 523 660 570 Graecum
692 534 985 586 argumentum
1015 524 1185 570 nomine
1215 524 1480 586 profitentur.
1519 522 1616 590 Po-

257 599 494 662 lymetra
525 600 643 662 apud
673 598 870 645 Priscian
900 599 976 645 Vl.
1008 609 1109 655 712.
1141 599 1328 645 codicum
1370 598 1617 644 auctoritate

259 691 347 719 non
378 674 508 719 Livio
542 674 616 719 sed
648 674 810 720 Laevio
851 675 1072 720 tribuenda
1102 685 1216 731 sunt,
1258 685 1300 719 et
1331 673 1368 718 si
1400 673 1504 737 quid
1538 689 1617 718 no-

258 750 372 795 mine
405 760 446 795 et
477 748 715 811 fragmento
747 767 795 794 ex
836 747 911 793 illo
944 748 1095 794 allato:
1137 748 1338 805 „Omnes
1372 759 1468 794 sunt
1498 747 1618 794 denis
1682 765 1684 772 ’

262 824 439 888 syllabis
486 824 639 880 versi‚“
684 824 908 885 probatur,
964 840 1017 867 ne
1065 822 1214 869 drama
1269 823 1438 886 quidem
1484 833 1618 869 erant.

261 900 584 961 Erotopaeg
597 898 684 942 nia
705 896 847 952 Livii,
881 893 985 958 qnae
1026 906 1068 941 et
1097 896 1270 942 ‘Laevio
1311 897 1619 953 adscribuntur,

263 986 374 1019 certe
414 972 569 1017 sabulis
614 971 933 1017 annumeranda
971 986 1059 1015 non
1091 981 1206 1027 sunt,
1240 988 1369 1033 quum
1405 971 1619 1017 Priscian.

260 1048 339 1094 IX.
351 1047 450 1102 869.
471 1047 716 1108 tertium,‘p.
729 1051 830 1100 922.
845 1056 1037 1107 quartum
1059 1056 1099 1090 et
1117 1064 1160 1108 p,
1176 1055 1276 1099 903.
1295 1057 1456 1091 sextum
1473 1063 1621 1092 eorum
1682 1052 1684 1054 ’

209 1113 221 1123 ³
259 1122 415 1169 librum
437 1122 594 1167 laudet.
655 1120 867 1166 Fabulam
896 1119 1112 1183 Equum
1146 1119 1439 1167 Troianum
1471 1121 1621 1168 Osan-

261 1216 339 1243 nus
370 1197 497 1241 Livio
530 1196 742 1241 abiudicat
774 1205 890 1257 (v.p.
914 1201 953 1239 5.
975 1203 1101 1259 sqq.)3
1127 1193 1355 1257 Noniique
1386 1195 1538 1252 locum,
1570 1214 1621 1240 ex

265 1289 349 1334 quo
380 1270 553 1315 Livium
584 1270 694 1315 hanc
723 1269 911 1315 fabulam
943 1269 1157 1331 scripsisse
1186 1270 1457 1331 cognovimus
1478 1287 1620 1316 emen·
1653 1271 1655 1273 “

266 1345 358 1390 dari
388 1345 521 1400 iubet,
553 1355 598 1389 ut
627 1361 705 1406 pro
737 1344 862 1388 Livio
896 1341 1085 1388 Naevius
1116 1354 1324 1406 ponatur,
1363 1360 1489 1408 quam
1520 1361 1620 1390 con-

263 1419 468 1464 iecturam
509 1430 550 1463 et
588 1418 793 1480 Langius‚
825 1417 853 1461 l.
876 1417 902 1463 l.
936 1436 978 1480 p.
1002 1416 1043 1461 6.
1075 1428 1163 1462 not.
1190 1428 1255 1463 10.
1288 1418 1471 1481 probare
1505 1419 1621 1465 vide-

263 1504 342 1538 tur.
404 1492 517 1537 Rem
538 1493 679 1555 ipsam
701 1493 804 1537 satis
834 1492 1007 1553 dignam
1033 1491 1161 1537 habui
1184 1509 1311 1555 quam
1333 1504 1621 1552 retractarem,

265 1567 518 1631 praesertim
558 1585 689 1630 quum
729 1567 916 1612 rationes
961 1567 1110 1630 quibus
1155 1567 1395 1614 emendatio
1437 1569 1624 1615 firmetur

268 1644 321 1688 ad
358 1643 580 1688 historiam
610 1643 671 1688 rei
704 1643 894 1688 scenicae
927 1643 1043 1706 apud
1072 1641 1299 1690 Romanos
1331 1654 1374 1690 et
1402 1644 1459 1691 ad
1498 1655 1621 1690 natu-

265 1735 360 1763 ram
389 1719 623 1782 primarum
653 1708 895 1763 fabularum
927 1728 1130 1780 spectent.

385 1793 554 1838 Livium
586 1793 801 1856 Equum
833 1792 1135 1837 Troianum
1165 1810 1253 1839 non
1275 1794 1492 1858 scripsisse
1522 1811 1620 1840 con-

268 1868 401 1913 tendit
444 1868 677 1923 Osannus‚
725 1867 839 1928 quod
882 1868 1029 1912 eadem
1074 1867 1216 1912 fabula
1242 1868 1389 1918 >etiam
1431 1879 1525 1914 acta
1568 1869 1623 1915 sit

273 1952 408 1986 aetate
429 1942 662 1997 Ciceronis,
683 1952 787 1985 teste
810 1952 976 1986 oratore
996 1941 1090 2003 ipso
1111 1941 1156 1986 in
1178 1941 1293 2005 Epp.
1314 1942 1437 1988 Fam.
1454 1942 1560 1990 VII.
1578 1955 1622 1990 1:

270 2014 422 2075 „Quid
444 2016 556 2060 enim
588 2015 875 2060 delectationis
898 2014 1055 2069 habent
1076 2017 1261 2062 sexcenti
1291 2017 1394 2064 muli
1424 2019 1469 2064 in
1497 2018 1627 2083 Cly·r

270 2090 597 2136 temnestra‘?
660 2090 745 2134 Aut
789 2090 834 2134 in
878 2090 1033 2153 Equo
1078 2091 1326 2138 Troiano
1368 2105 1623 2140 craterarum

268 2167 350 2211 tria
392 2164 571 2210 millia?‘
576 2170 588 2189 ‘
636 2163 847 2209 Fabulam
892 2181 991 2216 vero
1022 2164 1155 2223 Livii,
1202 2167 1360 2230 pergit,
1403 2168 1622 2215 Ciceronis

271 2252 407 2287 aetate
449 2241 618 2286 doctam
656 2257 743 2284 non
780 2256 900 2296 esse,
940 2241 1054 2302 quod
1085 2252 1126 2286 et
1165 2260 1304 2287 sermo
1337 2254 1379 2288 et
1407 2244 1623 2306 ingenium

267 2300 380 2361 illius
422 2327 595 2379 poetae,
630 2314 861 2360 abhorrens
907 2331 932 2360 a
964 2315 1123 2362 cultura
1159 2318 1439 2364 recentiorum
1477 2334 1621 2365 saecu-

269 2392 426 2447 lorum,
478 2391 628 2436 merito
675 2390 872 2435 omnibus
920 2390 1139 2453 displicere
1187 2393 1388 2438 debuerit.
1434 2420 1492 2426 -
1535 2393 1623 2439 Sed

269 2465 442 2510 Horatii
472 2475 633 2521 aetate,
667 2481 793 2527 quam
822 2463 868 2510 in
897 2465 1021 2511 rebus
1043 2466 1218 2531 poeticis
1250 2466 1470 2514 cultiorem
1490 2465 1620 2514 fuisse

268 2552 459 2604 tempore
492 2540 772 2587 Ciceroniano
804 2552 983 2599 constat,
1013 2541 1137 2590 multi
1173 2559 1434 2606 magnopere
1477 2542 1618 2589 oblec-
