1730 3015
757 137 837 201 15

107 302 301 340 BENTO
319 297 380 351 ¹),
418 305 596 355 operum
617 300 660 336 et
681 288 878 336 laborum
899 290 1080 355 quietem
1096 290 1370 355 imperasset,
1398 289 1469 337 vix

106 369 363 416 restitissent
392 367 482 413 dies
516 364 666 428 quibus
698 382 803 428 agro
835 365 1013 413 colendo
1045 378 1263 421 vacarent3
1294 366 1355 412 ita
1393 367 1468 412 ob-

108 445 234 491 situm
267 454 331 489 est
360 441 581 503 antiquum
613 440 900 487 calendarium
929 440 1067 499 feriis,
1106 443 1240 489 sacris
1271 442 1469 505 ludisque

107 518 318 567 indicatis.
379 515 528 576 Quum
556 515 813 580 inquirerem
843 516 889 561 in
914 515 1119 562 festorum
1148 516 1294 574 ritum,
1326 516 1468 581 reperi

109 612 216 658 quae
247 591 471 656 praecipue
503 589 668 634 lusibus
703 590 984 652 agricolarum
1015 591 1225 637 celebrata
1256 592 1465 649 videntur,

108 670 193 715 alia
234 668 279 713 in
318 666 472 729 quibus
513 664 727 718 eboricum
766 665 983 727 quoddam
1022 681 1192 711 carmen
1223 667 1464 724 canebatur,

107 755 150 790 et
179 741 357 804 denique
388 738 557 784 tertium
588 755 742 801 geum,
773 738 818 783 in
851 755 934 802 quo
964 739 1137 785 mimica
1167 741 1373 803 quaedam
1394 756 1465 786 ars

106 818 316 875 cernitur,
344 815 396 860 de
426 814 623 860 omnibus
654 814 796 877 itaque
828 814 1061 860 secundum
1091 815 1285 861 ordinem
1325 816 1465 862 dicen-

106 893 220 938 dum.
252 918 311 925 -—-
341 890 458 935 Inter
488 888 734 947 sollemnia,
767 888 919 952 quibus
952 888 1076 934 ludos
1108 907 1207 935 suos
1247 890 1466 935 instituere

103 977 302 1031 poterant
337 963 548 1027 agricolae
592 975 634 1010 et
670 973 892 1028 pastores,
934 964 1160 1028 praecipue
1202 964 1467 1010 numeranda

104 1053 203 1088 sunt
239 1038 470 1094 Faunalia,
512 1038 564 1083 de
602 1036 752 1100 quibus
791 1038 886 1084 vide
927 1038 1081 1084 Horat.
1117 1040 1373 1094 Carm.,III.
1411 1045 1464 1084 13

104 1128 147 1163 et
188 1116 245 1161 ad
289 1114 333 1158 h.
379 1112 408 1157 l.
457 1111 605 1158 Schol.
648 1124 691 1157 et
726 1113 932 1178 Intterpp.
1003 1113 1174 1160 Deinde
1204 1114 1459 1177 Paganalia,

102 1190 254 1238 Feriae
287 1186 579 1244 Sementinae‚
611 1185 866 1233 Fornacalia
895 1198 938 1233 et
975 1188 1254 1234 Terminalia.
1315 1189 1462 1234 Etiam

102 1266 208 1311 haec
238 1260 504 1308 Terminalia
534 1261 579 1305 in
611 1260 892 1322 agricolarum
927 1261 1034 1307 festa
1070 1263 1333 1309 recensenda
1369 1281 1462 1310 esse

101 1339 266 1406 putavi,
301 1354 431 1402 quum
460 1335 633 1401 proprie
666 1335 727 1381 sic
757 1335 871 1382 dicta
901 1335 1124 1382 sollemnia
1145 1353 1232 1382 non
1254 1337 1310 1383 ad
1339 1337 1464 1384 deum

103 1416 379 1468 Terminum,
412 1424 538 1474 quem
567 1412 613 1458 in
646 1411 860 1473 Capitolio
880 1412 1083 1463 sacellum
1107 1412 1304 1458 habuisse
1334 1413 1464 1459 refert

99 1492 247 1541 Livius
285 1490 321 1534 I.
344 1493 414 1543 55,
447 1496 489 1531 et
518 1484 579 1531 V.
612 1491 691 1542 54,
736 1486 812 1531 sed
842 1486 897 1531 ad
926 1487 1178 1532 rusticorum
1210 1485 1463 1532 Terminum

99 1568 328 1616 colendum
358 1572 619 1625 spectarent,
654 1560 770 1605 cuius
802 1560 845 1604 iu
875 1561 1029 1617 tutela,
1061 1573 1108 1607 ut
1138 1562 1196 1607 ait
1233 1562 1389 1608 Festus
1424 1580 1460 1608 s.

99 1663 139 1691 v.
181 1642 285 1688 fines
328 1652 525 1698 agrorum
565 1650 657 1679 esse
693 1634 912 1697 putabant.
985 1634 1105 1680 Mira
1147 1634 1461 1682 Terminalium

101 1714 325 1783 explicatio
357 1722 423 1757 est
453 1710 567 1773 apud
598 1708 862 1765 Varronem,
896 1709 968 1771 qui
1000 1710 1051 1754 de
1073 1710 1128 1754 L.
1151 1710 1205 1755 L.
1230 1711 1289 1756 V.
1307 1730 1350 1775 p.
1385 1719 1457 1758 55.

101 1795 166 1843 ed.
191 1791 292 1856 Bip.
313 1786 482 1836 scribite
514 1782 835 1844 „Terminalia,
870 1784 983 1849 quod
1003 1784 1039 1830 is
1064 1784 1152 1831 dies
1175 1785 1277 1831 anni
1298 1797 1457 1832 exstre-

26 1897 31 1902 ⁴
99 1886 196 1915 mus
215 1863 505 1913 constitutus.'’
553 1860 625 1905 Ad
648 1860 867 1921 vulgarem
900 1877 998 1906 vero
1020 1862 1275 1906 sententiam
1297 1863 1461 1908 accedit

102 1943 311 2000 Ovidius,
345 1938 416 2002 qui
446 1936 565 1982 Fast.
598 1935 656 1981 II.
688 1935 789 1992 657,
830 1952 924 1998 sqq.
958 1935 1165 1997 agricolas
1198 1936 1285 1982 ruri
1329 1937 1459 1983 sacri-

98 2019 246 2063 ficasse
279 2013 514 2067 Termino,
547 2010 783 2074 chorosque
813 2011 899 2074 ipsi
928 2011 1158 2056 instituisse
1191 2012 1340 2058 tradit:

162 2089 451 2144 Conveniunt,
483 2085 781 2149 celebrantque
814 2086 947 2149 dapes
980 2085 1134 2131 vicinia
1173 2086 1366 2150 supplex,

216 2164 278 2210 Et
307 2174 481 2209 cantant
510 2162 681 2218 laudes,
715 2161 921 2208 Termine
954 2172 1122 2216 sancte,
1156 2171 1264 2207 tuas,

99 2242 189 2290 Sed
226 2240 324 2285 vide
361 2238 501 2284 locum
532 2240 645 2302 ipse,
687 2254 816 2300 quum
846 2248 982 2283 totum
1023 2253 1239 2300 apponere
1280 2235 1456 2299 longum

98 2318 166 2363 sit.
213 2343 271 2349 —-
321 2313 392 2358 Ad
421 2313 531 2359 idem
568 2313 773 2359 festorum
803 2329 936 2375 genus
970 2330 1066 2358 cum
1095 2310 1325 2356 nominatis
1356 2329 1453 2375 per-

194 2436 232 2485 ¹)
261 2436 392 2474 Cicero
419 2435 468 2472 de
491 2437 582 2485 Leg.
609 2437 657 2472 11.
683 2440 717 2481 8,
746 2440 802 2480 19,
828 2436 896 2473 cfr.
926 2438 973 2472 11.
1001 2439 1058 2480 12,
1088 2439 1144 2479 19,
1171 2434 1242 2470 ubi
1267 2435 1369 2471 hanc
1393 2437 1455 2472 le—

97 2510 183 2546 gem
208 2495 384 2546 pluribus
408 2495 591 2543 explicat.
633 2494 767 2532 Adde:
799 2494 970 2532 Macrob.
996 2495 1072 2531 Sat.
1109 2495 1140 2530 Ι.
1178 2494 1234 2539 16,
1269 2500 1306 2530 et
1340 2493 1451 2545 Virg.

98 2557 233 2607 Georg.
259 2558 289 2593 1.
315 2556 398 2595 268.
435 2556 489 2600 (et
518 2553 577 2591 ibi
607 2553 740 2592 Vossii
766 2557 880 2602 not.)‚
913 2553 985 2604 qui
1009 2552 1168 2599 docent,
1194 2552 1289 2603 quid
1313 2552 1454 2592 diebus

94 2613 202 2655 sestis
225 2628 335 2668 agere
358 2615 415 2653 sas
438 2613 502 2653 sit.
