1730 3015
275 271 443 326 linaria
471 285 596 337 atque
627 272 1030 324 libidineomnibus
1060 268 1262 330 confusis,
1294 272 1407 320 cives
1423 270 1633 319 'Romani

275 348 526 411 nobilesque
558 348 637 396 viri
678 347 800 393 nulla
832 348 877 394 in
906 349 1215 411 re=antiquam
1251 347 1502 409 dignitatem
1540 360 1631 388 ser-

259 434 438 479 ·vantes,
471 423 655 487 primum
677 422 816 468 coacti
837 421 1054 477 (Macroh.
1076 423 1106 469 l.
1129 432 1183 478 c.)
1205 422 1357 469 deinde
1380 437 1456 466 sua
1478 428 1632 483 sponte

273 497 318 543 in
355 515 529 543 scenam
579 498 832 561 prodibant,
858 508 917 544 set
955 498 1232 562 imperatores
1277 497 1442 545 Mimos
1484 492 1634 557 „quasi

273 588 426 634 graves
468 573 515 619 in
554 584 644 626 arte
670 573 974 627 ,adversarios'’
1011 574 1220 620 necabant
1265 573 1457 627 (Sueton.
1494 567 1632 615 Nero.

271 654 384 700 540:
414 659 505 693 tum
535 648 673 694 etiam-
693 647 896 704 Atellani,
926 647 1023 695 licet
1052 666 1208 694 nomen
1237 657 1441 703 tenerent,
1472 643 1633 705 magis-

274 738 355 784 que
398 739 527 784 quam
566 722 696 776 ceteri
730 722 920 771 instituta
957 722 1131 785 antiqua
1169 732 1404 777 tuerentur,
1443 719 1633 783 priscam

274 807 417 842 tamen
449 796 765 860 simplicitatem
808 806 850 841 et
892 813 1038 842 veram
1072 813 1192 842 suam
1228 797 1315 841 vim
1353 795 1531 840 missam
1567 792 1634 838 fa-

275 870 457 917 ciebant.
515 870 751 915 Praeterea
781 886 867 914 non
899 881 1024 932 puto,
1065 880 1166 931 post
1204 871 1446 932 Augustum
1487 886 1631 932 quem-

278 962 406 1007 quam
436 944 680 999 Atellanas,
714 942 862 1005 quales
893 942 1012 987 initio
1034 954 1175 999 erant,
1207 954 1400 1007 spectare
1421 942 1632 1007 voluisse3

275 1018 493 1065 Ciceronis
526 1028 687 1074 aetate,
721 1032 850 1079 quum
881 1017 938 1062 ad
969 1017 1134 1063 Mimos
1175 1017 1455 1079 elegantiores
1492 1017 1632 1063 omnis

208 1110 219 1120 ²
272 1092 469 1155 voluptas
502 1092 682 1137 transire
712 1091 936 1153 inciperet,
973 1091 1073 1137 illae
1112 1092 1248 1154 magis
1295 1091 1515 1154 magisque
1558 1109 1632 1137 ne-

271 1167 434 1230 glectae
466 1179 564 1227 eta
585 1165 760 1212 theatris
791 1177 980 1211 remotae
1011 1167 1216 1223 videntur,
1248 1167 1363 1213 cuius
1395 1166 1455 1212 rei
1484 1166 1633 1213 indici-

269 1261 341 1287 um
358 1253 471 1288 extat
485 1241 599 1304 apud
616 1241 883 1296 Ciceronem,
910 1241 984 1303 qui
1010 1241 1065 1286 ad
1081 1240 1265 1292 Paetum
1285 1240 1417 1304 (Epp.
1435 1241 1489 1287 ad
1509 1241 1631 1288 Fam.

272 1317 350 1362 IX.
378 1316 461 1369 16.)
495 1316 662 1361 scribit:
693 1312 852 1373 „Nune
882 1315 1006 1359 venio
1039 1316 1093 1360 ad
1114 1315 1344 1361 iocationes
1367 1327 1472 1372 tuaS,
1504 1334 1633 1379 quum

271 1402 330 1448 tu,
363 1391 593 1438 secundum
627 1389 902 1436 Oenomaum
932 1389 1084 1446 Accii„
1098 1406 1185 1435 non
1227 1401 1272 1435 ut
1309 1390 1411 1436 olim
1453 1390 1630 1449 solebat,

270 1464 539 1521 Atellanam,
572 1465 649 1509 sed
680 1474 724 1508 ut
754 1481 867 1508 nunc
898 1463 943 1508 fit
973 1464 1159 1509 Minium
1191 1464 1502 1509 introduxisti.“

390 1539 573 1586 Praeter
603 1556 674 1595 ea,
706 1554 812 1600 quae
841 1539 1089 1595 memoravi,
1119 1539 1347 1602 praecipue
1377 1556 1428 1585 eo
1470 1541 1632 1587 differe-

272 1615 377 1662 bant
426 1613 651 1660 Atellanae
696 1629 722 1658 a
769 1612 919 1658 ceteris
966 1611 1147 1670 fabulis,
1187 1613 1301 1676 quod
1338 1631 1417 1678 per
1457 1613 1633 1679 longum

270 1701 438 1752 tempus
470 1707 496 1735 a
528 1688 631 1733 solis
661 1687 883 1738 iuvenibus
913 1686 1128 1734 Romanis
1169 1689 1421 1750 agebantur,
1463 1691 1557 1752 qui,
1587 1701 1634 1737 ut

271 1764 357 1828 ipsi
388 1763 443 1809 ad
486 1764 718 1809 Caesarem
753 1777 887 1824 usque
926 1761 970 1807 in
1006 1761 1117 1807 ludis
1159 1762 1422 1807 Graecorum
1463 1762 1633 1809 histrio-

272 1856 373 1884 num
388 1855 477 1883 non
492 1836 743 1899 prodibant,
762 1853 858 1880 suas
874 1833 1043 1880 fabulas
1060 1836 1114 1880 ab
1132 1835 1216 1880 illis
1234 1836 1367 1898 pollui
1387 1854 1474 1881 non
1495 1839 1631 1900 patie-

273 1911 442 1957 bantur.
514 1908 621 1955 Non
657 1909 807 1965 video,
850 1926 934 1970 qua
970 1926 1015 1953 re
1045 1921 1261 1972 permotus
1300 1908 1558 1957 Niebuhrius
1588 1912 1633 1959 in

275 1986 338 2032 H.
359 1985 420 2030 R.
441 1983 569 2030 Tom.
589 1984 624 2028 I.
645 2002 689 2046 p.
712 1990 812 2034 543.
834 1994 923 2028 not.
949 1989 1073 2037 1073.
1106 1995 1254 2030 contra
1284 1985 1633 2034 manifestissima

275 2059 394 2107 Livii
424 2068 466 2103 et
496 2056 665 2106 Valerii
695 2056 878 2102 Maximi
909 2053 1167 2115 testimonia,
1189 2058 1380 2104 inciderit
1400 2059 1445 2106 in
1465 2061 1631 2125 opinio-

276 2153 402 2191 nem,
433 2151 523 2179 non
562 2130 788 2177 Atellanas
830 2131 946 2178 solas
989 2133 1066 2178 sed
1101 2133 1227 2179 etiam
1266 2134 1560 2185 Praetextatas
1590 2149 1634 2184 et

277 2210 479 2272 Togatas
511 2223 538 2253 a
569 2206 730 2253 civibus
761 2206 974 2253 Romanis
1005 2206 1095 2253 sine
1125 2218 1227 2256 nota
1258 2209 1327 2271 agi
1361 2211 1553 2272 potuisse
1590 2222 1633 2258 et

276 2295 372 2333 acta
392 2301 496 2330 esse.
521 2276 623 2329 Nisi
640 2280 749 2338 aliis,
765 2280 871 2327 mibi
889 2280 1061 2344 ignotis,
1078 2282 1355 2342 documentiS‚
1375 2302 1502 2348 quam
1517 2288 1634 2349 'quod

276 2369 525 2421 argumenta
557 2356 794 2406 domestica
823 2356 869 2403 in
897 2355 1182 2412 Praetextatis
1220 2369 1262 2404 et
1300 2358 1486 2422 Togatis
1524 2371 1632 2409 trac.

275 2444 486 2488 tarentur,
517 2432 575 2478 ad
603 2431 723 2480 illam
753 2429 1009 2494 hypothesin
1038 2432 1262 2495 perductus
1303 2444 1386 2489 est,
1415 2452 1508 2480 cum
1536 2434 1633 2498 ipso

276 2506 417 2554 facere
438 2523 618 2570 nequeo,
678 2504 904 2556 Atellanae
925 2506 1038 2552 enim
1058 2525 1146 2558 non
1164 2519 1340 2571 propter
1359 2524 1426 2553 res
1447 2507 1633 2568 Italicas,

282 2581 588 2647 spectatoribus
617 2580 879 2644 propositas,
908 2580 1083 2629 infamia
1124 2582 1358 2640 vacabant,
1399 2583 1477 2630 sed
1518 2586 1634 2648 quod
