1730 3015
711 209 797 279 671

70 365 223 411 simum
254 364 307 409 de
335 362 415 408 hac
443 377 491 404 re
522 357 783 420 scriptorem,
813 358 947 417 multi,
980 377 1058 407 suo
1081 360 1259 425 quisque
1280 366 1423 423 modo,

68 448 372 486 tractaverunt:
413 431 520 488 illud
555 431 692 477 solum
730 432 774 478 in
814 433 1040 482 discrimen
1080 436 1266 494 vocab0‚
1311 440 1427 501 quod

69 514 179 559 inter
209 528 355 558 omnes
387 508 474 553 fere
506 507 717 562 convenit,
748 507 951 553 dramatis
973 511 1156 573 Satyrici
1177 524 1428 574 argumenta

68 584 252 648 μυθικά
281 600 398 638 esse,
437 595 729 644 personasque
766 582 973 643 tragicas,
1016 583 1167 631 heroes
1206 598 1247 633 et
1286 605 1423 650 rege3‚

72 679 249 724 quorum
278 659 447 703 fortuna
484 655 664 700 adversa
702 655 830 716 paulo
871 668 968 701 ante
1012 670 1296 720 spectatorum
1333 663 1425 708 ani-

71 753 165 782 mus
209 730 525 787 commovisset,
569 728 636 775 hic
672 745 895 793 apparere,
934 730 1159 778 humilibus
1200 736 1427 797 petulanti-

71 811 234 872 busque
272 805 467 871 personis
509 804 826 861 comitantibus,
868 806 914 850 in
950 806 1138 851 ridiculis
1179 819 1219 853 et
1257 812 1427 857 comicis

70 885 181 929 vitae
212 879 535 936 conditionibus,
566 890 624 935 ut,
658 880 872 941 quomodo
904 880 948 925 in
978 880 1077 937 vita,
1119 881 1180 927 sic
1220 883 1347 928 ctiam
1386 885 1431 931 in

73 956 246 1004 theatris
290 971 437 1008 severa
477 965 518 999 et
558 954 703 999 iocosa
743 954 788 998 in
830 955 1073 1000 eorumdem
1114 955 1291 1003 heroum
1329 958 1430 1004 fatis

74 1032 293 1079 coniuncta
324 1029 556 1076 videantur.
618 1027 831 1075 Atellanis
876 1041 1021 1076 contra
1060 1049 1155 1094 cum
1197 1034 1430 1095 tragoediis

73 1105 176 1171 nihil
209 1105 437 1168 quidquam
481 1120 700 1149 commune
744 1115 855 1162 erat3
898 1116 1149 1166 argumenta
1188 1124 1276 1151 non
1312 1119 1429 1170 pete-

74 1178 178 1226 bant
213 1198 263 1225 ex
304 1178 458 1225 fabulis
500 1178 675 1223 deorum
717 1189 843 1242 atque
885 1178 1083 1237 heroum,
1134 1180 1208 1227 sed
1250 1200 1300 1227 ex
1344 1183 1431 1229 vita

74 1256 239 1311 rustica,
272 1267 313 1300 ct
343 1254 439 1299 loco
472 1252 722 1298 Promethei
766 1265 807 1298 et
835 1253 1010 1315 Ulyssis
1042 1255 1273 1317 prodibant
1305 1256 1431 1302 Mac-

77 1347 174 1387 cuS,
222 1330 388 1384 Bucco,
441 1339 482 1373 et
533 1327 570 1371 si
618 1328 692 1388 qui
739 1327 899 1371 similes
927 1333 981 1380 ¹).
1044 1329 1104 1373 Et
1156 1329 1354 1392 denique,
1398 1333 1436 1377 si

76 1399 212 1449 omnis
244 1404 307 1447 vis
341 1414 382 1447 et
412 1401 587 1465 propria
620 1401 778 1447 Graeci
809 1402 1012 1447 dramatis
1051 1414 1204 1466 natura
1247 1406 1329 1450 sita
1372 1417 1437 1452 est

76 1480 122 1525 in
152 1478 345 1541 personis
380 1478 642 1539 Satyrorum,
684 1487 743 1532 ut,
786 1476 922 1521 iudice
953 1477 1205 1524 Hermanno
1252 1480 1433 1543 (Opusc.

76 1554 109 1599 I.
131 1559 185 1605 [45
202 1590 214 1610 ‚
246 1551 321 1598 cfr.
343 1551 545 1598 Welker.
575 1551 620 1595 in
649 1551 762 1595 Add.
796 1551 851 1595 ad
888 1551 999 1596 Tril.
1030 1552 1227 1615 Aeschyl.
1254 1553 1292 1597 F
1295 1554 1433 1599 rankf.

82 1628 206 1673 1826.
246 1645 287 1691 p.
319 1627 434 1681 326.)
482 1625 548 1671 his
596 1624 774 1671 sublatis
816 1626 958 1688 ipsum
1004 1627 1153 1672 drama
1197 1628 1435 1690 Satyricum

78 1703 261 1760 tollatur,
305 1718 387 1765 quo
425 1701 596 1747 tandem
637 1700 725 1745 abit
762 1699 836 1745 illa
877 1701 1133 1763 aequalitas,
1178 1720 1304 1764 quum
1343 1704 1436 1767 ipse

79 1778 196 1824 huius
215 1777 553 1841 >comparationis
586 1786 733 1822 auctor
762 1775 998 1821 Diomedes
1018 1777 1094 1821 ΙΙΙ.
1117 1783 1276 1840 p.483.
1311 1780 1434 1836 dicat,

81 1854 123 1900 in
164 1871 212 1900 eo
250 1854 432 1917 positam
476 1869 568 1898 esse
615 1850 826 1912 utriusque
872 1851 1075 1896 dramatis
1123 1852 1434 1899 differentiam?

200 1930 421 1975 Hactenus
444 1927 495 1973 dc
516 1926 740 1972 Atellanis.
765 1925 815 1970 In
837 1926 1032 1971 omnibus
1055 1927 1196 1988 itaque
1219 1939 1437 1990 spectacu-

81 2002 134 2049 lis
166 2005 343 2050 scenicis
377 2020 484 2066 quae
515 2000 703 2046 Romani
736 1999 910 2063 proprio
941 2001 1077 2062 magis
1110 2002 1282 2064 ingenio
1316 2003 1438 2049 insti-

83 2089 267 2136 tuerunt,
308 2079 353 2123 in
393 2077 577 2141 antiquis
617 2075 897 2138 agricolarum
936 2074 1068 2134 ludis,
1110 2076 1155 2122 in
1190 2077 1360 2124 Saturis
1400 2089 1440 2125 ct

119 2289 122 2293 ·
180 2272 215 2317 ¹)
244 2270 497 2315 Eichstadius‚
525 2269 593 2321 qui
620 2269 661 2306 in
686 2268 785 2307 Diss.
812 2268 859 2305 de
876 2271 1007 2306 Dram.
1028 2271 1155 2307 Graec.
1184 2269 1439 2308 Comico-sa-

82 2329 205 2376 tyTico
234 2342 271 2377 p.
285 2330 343 2367 65.
371 2342 457 2367 suas
483 2333 635 2377 Satyras
662 2330 829 2366 comicas
854 2330 969 2365 etiam
996 2330 1037 2365 iu
1061 2330 1250 2365 Atellanis
1276 2329 1439 2373 invenit,

84 2389 302 2425 existimare
338 2388 508 2432 videtur,
542 2391 742 2425 Atellanos
776 2400 1077 2437 nonnunquam,
1111 2388 1273 2437 tragicos
1304 2388 1440 2427 heroes

84 2447 297 2494 reserentes,
330 2447 501 2485 ludibrio
526 2447 706 2486 habuisse
738 2461 871 2485 eorum
905 2449 1082 2492 virtutes,
1117 2460 1213 2497 quos
1246 2448 1441 2495 tragoedia

85 2509 199 2545 modo
225 2507 470 2544 admirandos
500 2508 721 2551 reddiderit,
756 2509 994 2556 eandemque
1021 2507 1096 2542 sere
1121 2507 1345 2542 sententiam
1379 2520 1442 2543 se-

61 2567 214 2615 .quitur
239 2567 428 2605 Genthius
458 2566 500 2602 in
529 2567 627 2604 Diss.
654 2567 701 2603 de
727 2568 849 2614 satyr.
875 2569 1005 2602 Dram.
1041 2565 1211 2602 versioni
1238 2566 1442 2603 Germani-

84 2637 151 2662 cae
176 2629 357 2676 Cyclopis
385 2626 588 2674 {Euripidis
625 2626 832 2674 praemissa
866 2638 904 2673 p.
920 2627 978 2663 62.
1030 2626 1140 2671 Quod
1172 2637 1284 2670 vero,
1320 2639 1444 2676 quum

81 2686 191 2722 nullo
217 2693 443 2738 argumento
467 2684 623 2736 probari
646 2684 779 2735 possit,
804 2683 1184 2734 praetermittendum
1207 2684 1319 2722 duxi.
