1730 3015
735 182 811 256 71

96 340 231 399 vius,
262 358 331 386 me
360 354 448 383 non
477 333 690 393 inducunt,
731 347 778 382 ut
819 336 1122 383 correctionem
1158 337 1356 401 probem,
1391 338 1441 385 li-

96 428 269 479 ceatque
300 414 461 466 afferre,
496 425 603 471 quae
635 409 740 455 mihi
771 411 860 456 visa
891 424 998 457 sunt.

148 540 150 543 ,
210 488 418 542 Primum,
451 500 591 547 quarev
610 484 776 529 Ennius
809 485 1000 531 Graecus
1040 488 1121 533 dici
1164 504 1253 534 non
1292 497 1440 550 potue-

91 565 165 622 rit,
197 562 390 627 equidem
421 577 509 604 non
538 558 740 620 intelligo.
800 559 932 605 Ennii
948 563 1085 623 patria
1115 565 1227 609 enim
1257 562 1440 619 Rudiae,

91 639 193 686 urbs
246 634 491 690 Calabriae,
530 633 697 679 colonia
739 645 829 679 erat
870 633 1049 692 Graeca,
1087 649 1128 682 et
1166 637 1261 683 licet
1296 638 1439 701 primi,

91 715 177 760 sive
216 712 405 757 Graecae
452 709 539 754 sive
585 708 837 771 Pelasgicae
876 710 1037 771 gentiS‚
1081 712 1153 773 qui
1195 713 1442 758 Calabriam

89 795 414 850 occupaverant,
446 783 683 847 Messapii,
725 783 974 840 Sallentini,
1011 784 1193 841 Daunii,
1236 786 1437 842 Peucetii,

88 872 237 924 postea
267 860 322 904 ab
356 859 507 922 Opicis
538 858 638 904 victi
669 859 912 915 videantur,
944 871 1089 904 tamen
1107 860 1252 921 lingua
1274 860 1440 905 Graeca

88 953 182 981 cum
223 932 382 979 artibus
431 933 637 979 Graeciae
678 950 849 997 semper
877 934 991 997 apud
1023 951 1095 979 eos
1128 934 1281 996 viguit,
1315 952 1438 998 prae-

87 1009 230 1054 sertim
273 1009 386 1071 apud
428 1008 695 1071 Messap'iOS,
752 1009 823 1071 qui
859 1007 1023 1054 Rudias
1069 1009 1312 1063 incolebant
1355 1008 1439 1062 (hic

85 1084 196 1130 enim
227 1082 410 1146 Populus
443 1100 469 1128 a
498 1083 790 1146 promontorio
830 1083 1004 1146 Iapygio
1036 1102 1167 1146 usque
1199 1084 1254 1129 ad
1293 1083 1436 1128 Brun-

85 1158 250 1203 dusium
285 1157 538 1220 pertinuisse
583 1157 774 1213 videtur),
817 1175 944 1220 quum
974 1175 1000 1202 a
1044 1158 1289 1203 Tarentinis
1333 1157 1434 1203 victi

83 1233 225 1295 aliquo
256 1232 383 1277 modo
415 1230 479 1276 his
512 1231 687 1277 Graecis
720 1232 892 1276 obnoxii
904 1244 911 1265 1
931 1243 1085 1277 essent.
1157 1233 1326 1278 Omnes
1358 1232 1433 1277 Ja-

80 1304 230 1371 pygiae
260 1317 406 1368 gentes
439 1321 633 1351 sermone
664 1305 832 1352 Graeco
862 1306 1108 1363 utebantur,
1139 1306 1435 1368 inscriptiones

82 1398 348 1427 nummorum
380 1379 570 1426 Graecae
602 1391 743 1437 erant,
776 1380 909 1426 cultus
942 1392 1137 1444 artesque
1167 1381 1349 1427 Graciae
1379 1380 1436 1425 ad

82 1455 224 1500 omnia
270 1454 594 1512 adhibebantur,
633 1456 695 1501 ita
735 1467 900 1512 tamen,
941 1467 986 1502 ut
1028 1467 1069 1501 et
1111 1456 1276 1501 Oscum
1316 1472 1433 1500 acce-

80 1531 217 1586 deret,
258 1540 514 1591 quapropter
554 1531 668 1592 apud
697 1530 884 1575 Ennium
917 1531 1125 1592 quaedam
1159 1530 1279 1575 Osca
1319 1529 1430 1574 dicta

78 1604 324 1667 reperimuS.
343 1602 434 1648 Cfr.
454 1603 708 1649 Columnam
724 1604 768 1649 in
779 1604 874 1649 Vit.
891 1605 1005 1649 Enn.
1029 1616 1126 1648 ante
1149 1604 1234 1648 eius
1250 1603 1287 1646 F
1289 1619 1427 1664 ragm.

79 1679 210 1725 edita:
241 1697 284 1743 p.
307 1685 347 1735 5,
371 1695 479 1741 sqq..
526 1678 697 1724 Primus
729 1677 1025 1725 Romanorum
1055 1678 1258 1724 exercitus
1281 1678 1329 1723 in
1346 1677 1424 1721 has

76 1753 266 1817 regiones
309 1753 502 1818 pervenit
530 1772 571 1799 u.
603 1764 768 1811 c1447,
812 1754 909 1799 dein
952 1762 1056 1810 452,
1106 1754 1183 1798 sed
1223 1769 1294 1798 eas
1335 1769 1423 1799 non

78 1829 272 1887 subiecit,
303 1847 431 1893 quum
467 1829 579 1874 enim
616 1846 728 1874 anno
770 1835 855 1881 453
886 1829 930 1874 hi
971 1828 1121 1893 populi
1158 1827 1306 1874 foedus
1344 1827 1422 1872 ini-

76 1915 167 1950 rent
211 1922 305 1950 cum
349 1902 585 1966 Agathocle
627 1902 748 1949 liberi
788 1905 959 1949 omnino
1003 1915 1122 1949 erant
1162 1904 1215 1949 ab
1247 1902 1423 1965 imperio

76 1977 382 2026 Romanorum.
445 1976 652 2025 Niebuhr.
684 1978 743 2026 H.
771 1978 831 2024 R.
852 1980 887 2024 I.
909 1982 959 2043 p.
985 1986 1080 2036 159,
1113 1996 1206 2043 sqq.
1256 1977 1423 2038 Quidni

73 2053 196 2115 igitur
225 2054 392 2099 Ennius
422 2053 614 2099 Graecus
646 2054 850 2118 appellari
881 2065 1066 2118 poterat,
1100 2053 1348 2117 praesertim
1378 2051 1424 2097 in

72 2128 180 2185 loco,
213 2144 296 2190 quo
329 2129 380 2174 de
412 2130 617 2193 scriptura
648 2146 787 2174 sermo
819 2141 906 2186 est,
939 2130 1093 2193 quippe
1124 2146 1230 2193 quae
1262 2138 1418 2172 mutata

73 2203 128 2247 sit
156 2202 213 2247 ad
241 2218 365 2249 usum
394 2203 627 2261 Graecum,
661 2221 785 2267 quem
816 2204 980 2250 Enni-us
1012 2204 1157 2267 procul
1190 2202 1316 2248 duhio
1347 2218 1415 2245 se-

73 2277 292 2341 quebatur,
322 2277 538 2341 quousque
570 2279 613 2324 in
644 2280 783 2342 patria
803 2280 987 2324 viveret?
1019 2278 1241 2325 Suetonius
1261 2276 1411 2321 rectius

69 2351 199 2409 vidit,
231 2368 359 2414 quum
387 2352 431 2399 in
461 2352 572 2401 libro
600 2354 651 2401 de
682 2354 749 2399 Ill.
773 2355 965 2400 Gramm.
987 2372 1020 2399 c.
1043 2365 1078 2409 1,
1110 2352 1412 2413 semigraecum

71 2443 165 2473 eum
194 2427 360 2472 diceret.
422 2428 471 2474 Si
501 2440 641 2475 autem
669 2429 790 2485 inde,
823 2430 936 2493 quod
967 2427 1191 2475 Suetonius
1222 2425 1413 2471 Ennium

71 2502 371 2564 semigraecam
400 2505 608 2561 nominet,
639 2522 733 2553 cum
766 2505 948 2551 Osanno
970 2503 1148 2572 ,colligat
1186 2496 1414 2565 quispiam,

69 2573 187 2621 illum
217 2577 331 2640 apud
360 2576 535 2624 Festum
563 2579 890 2643 haudquaquom
921 2578 1131 2624 Graecum
1159 2577 1239 2622 dici
1266 2592 1415 2639 posse,

72 2647 210 2697 videat
239 2652 389 2698 eodem
418 2651 541 2711 loco,
568 2654 641 2701 uhi
672 2655 873 2719 scriptum
901 2665 988 2701 est:
1018 2653 1216 2712 „Initium
1247 2669 1416 2718 quoque
