1730 3015
754 220 829 283 81

109 361 193 423 tica
221 371 624 440 pronuntiabantur,
654 370 746 434 ipse
778 382 916 417 autem
947 373 1003 419 ad
1043 371 1193 420 cantici
1231 373 1360 419 verba
1390 393 1462 438 gez

110 450 418 497 sticulationem
440 442 636 489 saltando
658 445 880 492 adiiciebat
910 447 1030 501 (val.
1049 448 1202 505 Max),
1225 458 1267 494 et
1293 449 1461 511 quidem

107 516 285 580 tacitus,
316 533 403 566 tum
434 519 602 563 demum
634 536 735 565 voce
766 520 916 566 iterum
952 539 1073 580 usus,
1118 541 1247 586 quum
1289 540 1316 569 a
1360 539 1458 568 can-

107 600 190 647 tico
221 597 275 643 ad
323 592 560 639 diverbium
595 593 741 640 fabula
779 582 1053 643 delaberetur.
1128 598 1206 644 Ad
1247 616 1458 644 manum

109 688 235 735 saepe
266 667 476 729 significat
515 667 565 712 in
602 679 894 731 promptu,
936 670 993 714 in
1042 674 1367 733 praesentia
1413 684 1455 718 et

107 760 281 795 coram
323 740 414 796 (cfr.
442 741 569 787 locos·
595 759 621 788 a
653 742 857 804 Turneho
878 744 922 788 in
943 743 1056 790 Adv.
1085 746 1163 790 ΙΙΪ.
1201 757 1270 791 23.
1301 748 1451 794 collec-

64 843 69 848 ·
103 827 211 873 tos),
232 818 374 879 itaque
404 816 478 863 illa
508 817 637 863 verba
669 817 920 864 Germanice
957 818 1142 867 fortasse
1172 838 1258 865 non
1289 822 1453 868 sinistre

102 892 389 957 explicantur.
423 891 537 937 Man
564 892 652 955 fing
682 909 737 937 an
769 893 852 938 den
883 892 1209 956 Schauspielern
1238 896 1313 940 mit
1344 897 1452 942 Siu-

101 967 185 1030 gen
214 983 270 1012 an
302 966 368 1012 die
399 965 535 1011 Hand
565 984 617 1012 zu
646 966 795 1028 gehen.
836 995 894 1001 —
943 968 1027 1014 Hic
1068 985 1162 1013 mos
1203 961 1280 1033 per
1311 967 1455 1015 omnia

93 1034 317 1105 'sequentia
344 1042 514 1087 saecula
543 1043 795 1105 permansit,
835 1043 949 1107 quod
991 1044 1076 1089 iam
1113 1042 1260 1090 Livius
1281 1045 1453 1103 indicat,

100 1127 142 1163 et
171 1116 314 1164 multis
345 1116 596 1162 testimoniis
617 1118 831 1180 probatur.
854 1118 913 1165 V.
931 1118 1079 1164 Herm.
1103 1117 1229 1169 Cant.
1251 1119 1448 1185 Romtp.

99 1202 203 1248 302,
224 1206 318 1255 sqq.
380 1192 612 1238 Cantorem
641 1204 792 1255 postea
824 1194 1070 1255 tragoedum
1109 1194 1283 1257 proprio
1322 1212 1447 1241 voca-

97 1266 219 1324 bulo,
251 1277 435 1312 actorem
465 1277 606 1312 autem
632 1266 882 1312 histrionem
901 1268 1164 1313 nominatum
1185 1285 1303 1325 esse,
1335 1280 1448 1316 recte

98 1341 275 1387 coniecit
306 1340 443 1386 Gron.
468 1359 517 1386 ex
538 1341 713 1385 Sueton.
776 1341 911 1402 Calig.
934 1343 1012 1394 543
1045 1343 1158 1403 quod
1178 1354 1316 1387 autem
1337 1345 1452 1405 apud

98 1415 278 1461 eundem
326 1414 371 1459 in
403 1411 510 1459 Ner.
532 1423 602 1470 24,
634 1414 705 1459 ubi
734 1414 909 1478 legitur:
950 1416 1128 1477 „Atque
1173 1416 1217 1461 in
1268 1417 1450 1478 quodam

70 1489 256 1555 ¹tragico
288 1499 403 1544 actu,
436 1505 564 1550 quum
603 1486 756 1543 (Nero)
799 1489 990 1553 elapsum
1027 1489 1225 1535 baculum
1265 1491 1346 1536 cito
1383 1509 1449 1535 re-

98 1564 340 1622 sumsisset,
373 1564 550 1627 pavidus
583 1575 624 1610 et
654 1575 863 1621 metuens,
895 1573 949 1610 ne
988 1565 1042 1610 ob
1080 1564 1277 1610 delictum
1311 1570 1445 1611 certa-

96 1639 210 1685 mine
238 1649 582 1695 summoveretur,
614 1655 701 1683 non
736 1639 858 1684 aliter
888 1641 1153 1685 confirmatus
1195 1651 1279 1696 est,
1321 1657 1447 1702 quam

97 1715 317 1760 adiurante
347 1712 587 1776 hypocrita,
617 1730 707 1758 nonv
737 1714 1077 1759 animadversum
1105 1714 1151 1759 id
1171 1714 1279 1759 inter
1305 1714 1444 1759 exsul-

97 1790 278 1836 tationes
317 1787 727 1850 exclamationesque
766 1789 957 1851 populi,“
997 1816 1053 1822 —·
1084 1788 1345 1851 hypocritam
1380 1787 1444 1834 hi-

98 1865 298 1910 strionem
328 1880 421 1909 esse
454 1863 575 1920 dicit,
608 1863 680 1926 qui
705 1874 878 1910 canente
900 1861 1074 1908 Nerone
1096 1864 1302 1909 canticum
1332 1864 1442 1926 egis-

97 1950 177 1997 set,
223 1954 372 1988 vereor
415 1949 461 1984 ut
500 1939 694 1985 omnibus
745 1938 1010 2001 persuadeat.
1085 1936 1184 1984 Nisi
1223 1937 1444 2001 hypocrita

97 2015 269 2077 quidam
296 2014 556 2077 reliquorum
586 2013 837 2059 histrionum
867 2025 977 2071 erat,
1017 2015 1088 2077 qui
1119 2013 1164 2059 in
1195 2014 1349 2059 eadam
1379 2012 1444 2058 fa-

96 2087 196 2133 bula
234 2104 465 2150 personam
507 2089 694 2151 aliquam
740 2090 951 2150 agendam
1002 2099 1264 2151 susceperat,
1305 2088 1444 2152 potius

97 2172 255 2217 cantor,
286 2163 512 2224 tragoedus
526 2199 538 2219 ‚
560 2180 686 2225 quam
706 2174 843 2219 actor,
875 2163 1025 2207 histrio
1045 2163 1127 2207 dici
1151 2162 1303 2208 debet:
1324 2160 1443 2207 Nero

96 2236 209 2283 enim
228 2235 296 2281 hic
315 2238 469 2298 ageba-t
497 2237 646 2283 histrio
660 2275 672 2295 ,
706 2237 818 2300 quod
840 2254 967 2301 saepe
993 2255 1088 2282 eum
1108 2236 1255 2283 fecisse
1274 2237 1442 2282 scimus.

97 2311 225 2356 Hanc
254 2327 359 2355 vcro
387 2312 671 2357 differentiam
701 2313 809 2357 inter
837 2312 1087 2374 tragoedum
1117 2323 1157 2356 et
1196 2311 1442 2355 histrionem

95 2402 184 2432 non
207 2402 375 2448 semper
391 2386 662 2433 observatam
681 2404 775 2433 esse
796 2387 917 2432 docet
938 2387 1047 2431 Hor.
1075 2386 1130 2430 ad
1150 2385 1238 2430 Pis.
1257 2391 1350 2440 155,
1373 2384 1444 2429 ubi

96 2458 346 2506 histrionem
377 2473 521 2522 aperte
554 2472 767 2509 cantorem
784 2460 984 2524 appellat.
1009 2460 1096 2505 Cfr.
1107 2460 1226 2505 Suet..
1244 2456 1348 2503 Ner.
1371 2468 1440 2502 21.

96 2531 250 2596 Neque
281 2544 382 2596 puto
414 2534 705 2583 Andronicum
741 2547 983 2597 ceterosque
1013 2545 1114 2597 post
1142 2552 1237 2583 eum
1268 2544 1445 2587 actores,

96 2620 268 2663 cantore
300 2609 431 2656 semel
462 2610 669 2668 admisso,
697 2627 908 2672 nunquam
939 2620 1088 2673 postea
1119 2609 1280 2653 cantica
1311 2619 1351 2650 et
1383 2627 1447 2650 ci·-

96 2680 251 2728 cinisse
281 2695 325 2731 et
353 2683 479 2732 simul
508 2685 670 2748 egisse:
712 2682 935 2733 Neronem
978 2683 1128 2736 saltem
1167 2683 1281 2746 apud
1328 2684 1446 2729 Suet.

1144 2759 1168 2798 6
