1730 3015
853 157 897 194 V

194 302 351 360 nmoi,
366 302 433 348 'si
464 301 587 347 hanc
612 300 916 363 antiquitatis
940 306 1135 360 partem
1173 297 1406 362 singulari
1437 296 1547 344 libro

194 396 385 441 uberius
415 402 464 441 ct
494 394 757 440 accuratius
788 395 1118 456 explicandam
1146 394 1260 441 mihi
1290 394 1547 440 sumserim.

201 490 295 538 Cui
331 497 598 552 argumento
642 496 695 535 ut
735 489 1077 552 satisfacerem,
1126 490 1220 534 tria
1256 488 1548 551 potissimum

190 585 533 632 consideranda
562 585 676 632 mihi
703 585 993 631 videbantur.-
1024 585 1244 646 primum,
1279 585 1440 646 quibus
1480 583 1546 629 lu-

194 678 268 725 dis
307 680 384 725 usi
407 680 502 726 sint
524 680 679 743 prisci
703 660 924 736 Romani,
969 686 1214 741 antequam
1240 678 1548 734 Etruscorum

196 781 304 819 arte
329 783 529 836 accepta
554 791 720 821 novum
748 774 1068 820 delectationis
1093 790 1237 835 genus
1260 780 1522 834 appeterent
1528 794 1545 826 ,-

193 873 417 932 quumque
434 870 649 928 Lucretii,
667 870 856 917 Horatii
878 870 1162 933 aliorumque
1181 869 1427 926 sententiis,
1452 868 1546 931 quiss

194 962 279 1009 bus
315 972 481 1011 natura
514 967 701 1013 illorum
742 966 955 1012 ludorum
997 965 1192 1010 breviter
1228 965 1545 1020 adumbratur,

191 1073 285 1103 rem
320 1075 412 1103 non
447 1061 562 1105 satis
601 1062 816 1121 expediri
840 1068 1074 1121 putarem,
1113 1061 1275 1106 addidi
1306 1061 1457 1106 locum
1487 1060 1546 1105 de

193 1144 352 1198 diebus
375 1152 547 1215 sestis,
585 1154 747 1216 quibus
785 1156 892 1201 ioca
927 1154 1113 1199 scenica
1151 1154 1393 1201 excerceri
1424 1154 1543 1200 sole·

190 1248 328 1305 hant,
369 1256 421 1295 ut
457 1249 647 1311 singulis
684 1249 910 1295 institutis
943 1249 1157 1312 cognitis,
1196 1249 1396 1294 omnium
1424 1249 1543 1295 mtio

191 1346 362 1390 rectius
393 1345 755 1406 perspiceretur.
814 1339 1026 1389 Secundo
1068 1344 1223 1404 capite
1254 1344 1544 1405 comprehen-

192 1439 362 1486 duntur
390 1440 524 1486 initia
555 1441 691 1497 artis,
731 1455 850 1502 quae
886 1439 946 1485 ab
982 1439 1197 1487 Etruscis
1233 1439 1544 1487 saltatoribus

190 1535 374 1583 Romae
402 1535 633 1592 instituta,
665 1534 826 1590 deinde
857 1534 917 1579 ab
944 1534 1179 1580 iuvenibus
1204 1534 1431 1582 Romanis
1460 1549 1541 1580 ex-

191 1636 350 1690 cepta,
393 1630 530 1675 etiam
566 1635 664 1674 tum
692 1629 1015 1683 servabantur,
1057 1644 1195 1690 quum
1223 1629 1318 1674 iam
1330 1629 1542 1691 fabulae

192 1725 260 1771 ad
290 1724 580 1772 Graecorum
609 1740 783 1769 morem
818 1722 1103 1783 compositae
1132 1723 1316 1770 Romae
1354 1731 1539 1784 specta·

189 1802 376 1872 rentur,⁸
416 1825 463 1863 et
501 1817 574 1863 hic
613 1817 793 1881 quidem
829 1817 886 1863 de
909 1817 1097 1881 fabulis
1126 1817 1357 1863 Atellanis
1389 1818 1539 1864 dicen-

191 1914 297 1961 dum
329 1921 447 1960 erat.
514 1906 669 1961 Tertio
701 1914 856 1976 capite
885 1914 1088 1961 disserui
1113 1915 1170 1961 de
1197 1914 1327 1961 Livio
1356 1906 1539 1961 Andro-

189 2010 308 2066 nico,
350 2010 431 2057 cui
470 2010 680 2056 Graecae
717 2010 834 2055 artis
878 2010 1092 2057 scenicae
1128 2011 1349 2074 originem
1391 2011 1538 2058 Grae-

190 2121 361 2168 casque
374 2106 581 2168 fabulas
610 2106 821 2153 Romani
844 2106 1024 2152 debent.

305 2198 363 2244 Si
370 2214 462 2259 pro
487 2199 738 2256 voluntate,
775 2199 857 2246 Vir
875 2200 1303 2258 Praestantissime,
1334 2216 1410 2247 res
1431 2201 1544 2247 mihi

187 2295 422 2351 cessisset,
464 2311 608 2358 neque
626 2274 892 2359 festinanti
924 2297 1087 2343 eadem
1123 2297 1382 2343 conditione
1413 2304 1536 2344 uten-

185 2372 297 2435 dum
309 2389 502 2452 suisset,
534 2392 633 2452 qua'
657 2392 830 2437 musico
862 2392 940 2448 illi,
974 2393 1052 2437 cui
1076 2409 1169 2438 non
1198 2408 1379 2453 semper

308 2485 483 2531 chorda
502 2502 664 2532 sonum
685 2487 847 2544 reddit,
874 2505 1006 2551 quem
1028 2488 1123 2533 vult
1142 2504 1305 2534 manus
1327 2495 1374 2533 et
1393 2505 1535 2545 mens,

245 2579 525 2645 Posentique
551 2598 742 2644 gravem
764 2599 999 2645 persaepe
1028 2582 1223 2630 remittit
1254 2589 1453 2640 acutum,
