1730 3015
898 124 1057 218 54]

262 300 314 330 ex
344 282 462 330 Livii
491 283 610 340 locu,
640 292 685 329 et
717 280 845 328 claris
876 281 1018 328 verbis
1048 281 1165 328 idem
1184 278 1295 327 'dicit
1323 278 1526 326 Donatus
1549 278 1636 328 lis

263 358 532 416 „Comoedia
553 368 692 403 autem
710 356 866 402 multas
899 356 1061 423 species
1090 356 1241 403 habet:
1273 365 1347 402 aut
1377 355 1489 401 enim
1520 354 1632 401 Pal—⁷

262 433 381 491 liat-a,
411 445 483 480 aut
515 433 704 496 Togata,
736 444 809 479 aut
846 430 1129 491 Tabernaria,
1158 442 1231 479 aut
1252 430 1492 478 .Atellaua“
1530 442 1624 487 θεας

265 519 307 554 et
336 508 465 572 paulo
495 519 616 573 post:
647 507 1011 567 „Comoediarum
1040 508 1205 555 formae
1236 518 1335 553 sunt
1375 518 1482 552 tres:
1520 505 1627 552 Pal·

265 583 392 630 liatae
420 613 480 620 -—
510 584 711 647 Togatae
729 612 786 619 —-
808 583 1050 630 Attellanae
1082 583 1240 631 salibus
1284 593 1326 628 et
1365 581 1469 628 iocis
1509 598 1635 628 com--

264 658 444 721 positae,
477 676 586 723 quae
617 659 662 705 in
694 676 739 705 se
770 673 859 705 non
887 659 1058 716 habent,
1089 659 1173 705 nisi
1203 668 1412 704 vetustam
1454 655 1625 718 elegan-

264 733 413 778 tiam.“
476 734 566 781 Sed
598 734 697 798 quid
739 734 888 780 attinet
924 734 1119 798 pluribus
1159 734 1468 789 demonstrare,
1510 730 1628 794 qnod

266 809 584 872 apertissimum
614 820 697 866 est,
730 820 772 854 et
802 809 938 872 quod,
980 809 1017 855 si
1046 809 1113 857 cui
1144 808 1352 855 dubitatio
1391 805 1626 863 inhaereat,

268 885 543 947 sequentibus
576 884 666 930 luce
699 883 853 930 clarius
885 883 970 929 fiet.

384 960 694 1019 Argumentum
736 958 955 1020 quoddam
995 956 1294 1003 Atellanarum*
1332 957 1449 1003 iocos
1491 956 1628 1003 conti-

264 1031 410 1078 nuisse
443 1031 510 1078 vel
541 1049 636 1078 eam
667 1032 722 1078 ob
755 1047 928 1079 causam
959 1032 1233 1078 statuendum
1253 1042 1331 1089 est,
1364 1032 1479 1095 quod
1501 1031 1623 1078 Atel-

191 1122 203 1130 ¹
265 1106 393 1152 lanae
424 1118 466 1152 et
494 1106 668 1152 fabulae
699 1107 984 1163 nominantur,
1026 1118 1068 1152 et
1097 1107 1218 1152 iustis
1249 1107 1408 1153 fabulis
1448 1108 1503 1152 ab
1535 1123 1627 1152 om-

266 1181 392 1227 nibus
438 1189 505 1236 (v.
545 1199 581 1228 c.
627 1197 655 1228 a
684 1181 861 1227 Donato
908 1192 950 1228 et
993 1182 1234 1236 Diomede)
1280 1181 1626 1228 annumerantur.

270 1257 361 1302 Sed
402 1257 555 1319 poet‘as
601 1274 691 1302 non
736 1252 860 1302 iralde
907 1274 1079 1303 curasse
1127 1257 1280 1321 opinor
1323 1258 1369 1303 in
1412 1256 1629 1303 Atellanis

270 1331 504 1377 scribendis
544 1331 716 1394 regulas
749 1348 776 1376 a
807 1331 983 1377 Graecis
1017 1332 1194 1377 traditas
1204 1350 1235 1388 ‚·
1259 1349 1518 1395 quamquam
1549 1349 1629 1396 pro

269 1404 497 1452 certoxhoc
527 1406 745 1452 venditare
783 1423 873 1452 non
913 1406 1052 1452 ausim
1094 1425 1189 1452 cum
1229 1406 1430 1463 Petisco,
1474 1407 1545 1469 qui
1583 1407 1631 1452 in

266 1478 390 1523 Lect.
421 1479 526 1523 Ant.
561 1480 693 1524 Tom.
714 1480 748 1524 I.
780 1498 824 1542 p.
854 1486 949 1534 195.
980 1481 1034 1525 de
1059 1481 1209 1526 Mimis
1244 1481 1308 1544 dis
1336 1497 1472 1537 erenS,
1504 1481 1627 1527 Atel-

267 1551 392 1599 lanas
433 1553 605 1617 quidem
647 1553 693 1600 in
742 1553 928 1618 quinque
973 1566 1090 1602 actus
1125 1546 1296 1612 divisas,
1328 1555 1404 1601 sed
1446 1572 1535 1601 non
1577 1573 1629 1602 ea
1660 1595 1662 1599 .

269 1639 360 1673 arte
392 1628 660 1685 distributas,
693 1645 775 1691 qua
804 1628 992 1693 reliquae
1022 1629 1191 1678 fabulae
1222 1641 1264 1676 et
1292 1629 1429 1692 magis
1465 1630 1629 1675 incom-

268 1702 431 1765 positas
461 1702 594 1748 fuisse
626 1704 857 1749 contendit.
920 1704 1072 1750 Velim
1115 1705 1237 1761 scire,
1281 1705 1412 1749 unde·
1435 1704 1517 1750 hoc
1558 1721 1629 1750 co-

270 1778 488 1839 gnoverit;
520 1778 648 1824 ceteri
681 1778 751 1841 qui
781 1778 866 1842 ipsi
897 1780 1200 1836 assentiuntur,
1243 1779 1535 1825 testimonium
1563 1778 1629 1825 af-

271 1853 412 1898 ferunt
451 1853 676 1898 Diomedis
706 1854 787 1897 III.
816 1864 932 1909 437„
987 1854 1162 1899 sedibi
1200 1871 1336 1915 neque
1376 1854 1428 1898 de
1466 1854 1630 1900 actibus

272 1924 586 1983 Atellanarum,
616 1944 754 1990 neque
787 1926 840 1974 de
870 1926 1131 1990 negligentia
1152 1928 1482 1991 compositionis
1506 1929 1632 1992 quid-v

274 2013 404 2063 quam
426 2000 591 2061 legitur.
640 1999 802 2045 Refert·
823 2001 934 2053 enim
966 2002 1292 2063 grammaticus:
1323 2001 1501 2060 „Tertia
1533 2022 1630 2068 spe-

273 2074 358 2122 cies
391 2085 458 2120 est
487 2073 728 2120 fabularum
764 2073 1030 2133 Latinarum,
1072 2094 1178 2141 quae
1220 2089 1246 2123 a
1276 2077 1441 2125 civitate
1484 2079 1629 2126 Osco-

272 2168 368 2195 rum
400 2149 558 2205 Atella,
594 2149 638 2194 in
671 2151 755 2212 qua
784 2152 966 2213 primum
1005 2162 1194 2214 coeptae,
1235 2152 1461 2199 Atellanae
1493 2154 1629 2201 dictae

273 2235 384 2283 sunt,
417 2222 677 2287 argumentis
711 2223 915 2288 dictisque
945 2225 1216 2285 iocularibus,
1261 2227 1421 2275 similes
1464 2229 1629 2293 Satyri-

274 2300 333 2347 cis
364 2299 521 2346 fabulis
556 2298 771 2346 Graecis.''
802 2327 861 2335 -—
924 2301 1056 2363 Quod
1092 2314 1232 2349 autem
1273 2322 1341 2351 me
1381 2305 1627 2362 commovit,

274 2387 321 2436 ut
351 2392 439 2421 non
470 2376 527 2421 ad
566 2391 716 2422 omnes
757 2375 861 2421 artis
901 2376 1072 2440 regulas
1104 2377 1328 2425 Atellanas
1367 2379 1631 2444 conscriptas

276 2450 529 2513 suspicarer,
567 2450 649 2497 hoc
681 2462 769 2497 estt
808 2451 1003 2498 Primum
1042 2471 1068 2500 a
1100 2453 1280 2501 Graecis
1313 2465 1514 2516 acceptae
1542 2471 1631 2501 non

276 2535 411 2582 erant,
452 2536 494 2571 et
525 2524 716 2573 Romani
749 2526 937 2573 Graecos
969 2527 1196 2575 histriones
1227 2540 1379 2575 manus
1411 2545 1511 2575 suas
1541 2528 1630 2577 illis

274 2600 500 2646 admovere
537 2617 757 2663 nunquam
791 2602 1063 2665 patiebantur
1098 2603 1308 2659 (Livius),·
1346 2603 1500 2651 deinde
1529 2620 1629 2651 exo-
