1730 3015
902 87 985 149 82

194 235 196 239 ⁸
266 240 296 285 l.
317 239 347 285 l.
369 240 416 285 in
432 238 676 285 Hercule
706 238 917 284 Insano
950 247 1264 294 cantantemet
1291 231 1626 299 agentem-ride&

267 331 379 361 mus.
435 310 659 360 ‘Ceterum
703 312 967 359 monendum
1016 312 1201 371 videt-ur,
1243 329 1297 358 ne
1336 310 1627 358 Andronicum

271 401 465 453 putemus
496 387 662 434 cantica
691 399 855 434 tantum
897 389 1060 450 egisse,
1101 400 1320 450 ceteraque
1357 387 1501 451 omnia
1530 385 1626 432 aliis

267 462 542 513 histrionibus
573 462 813 526 reliquisse,
846 463 960 526 quod
991 464 1043 511 de
1077 463 1300 515 Roscioet
1319 462 1505 525 Aesopo>
1527 474 1627 507 con·

269 537 404 583 tendit
423 537 647 601 Boettiger
668 538 697 583 l.
720 538 747 585 l.
769 557 811 602 p.
839 538 907 583 16.
968 539 1083 590 Livii
1114 550 1156 585 et
1184 537 1356 584 Valerii
1386 531 1628 582 verba'hoc

270 628 359 656 non
390 612 601 675 probant,
635 624 677 659 et
708 630 798 660 car
811 614 952 659 mina
981 631 1069 660 non
1105 624 1202 659 sunt
1245 612 1410 659 cantica
1448 611 1525 656 sed
1562 610 1636 656 fa·-

270 685 416 743 hulae,
448 698 494 732 ut
524 698 566 733 et
598 674 813 740 Donatus·
832 688 884 735 de
917 689 1041 735 Com.
1070 699 1111 734 et
1143 687 1277 750 Trag.
1309 686 1630 749 interpretatur:

271 760 417 817 „idem
449 774 492 807 et
524 774 652 825 poeta
679 774 724 808 et
744 775 863 809 actor
883 762 1121 807 fabularum
1142 766 1357 808 suarum.“
1398 760 1630 805 Praeterea

273 833 424 879 Livius
458 836 611 882 diserte
642 836 774 892 addit,
807 835 996 881 diverbia
1025 834 1274 881 histrionum
1304 835 1428 889 (inter
1452 831 1557 896 quos
1589 843 1632 879 et

274 909 542 955 Andronicus
583 918 688 962 erat)
721 910 815 955 voci
854 910 999 954 relicta
1041 900 1167 963 esse3'
1204 909 1382 970 denique
1424 905 1632 954 sententia

274 983 514 1028 Hermanni
536 982 564 1027 l.
587 982 614 1029 l.
649 1000 732 1046 qua
762 983 882 1028 illam
913 984 965 1029 de
996 981 1160 1029 Roscio
1193 994 1232 1029 et
1253 984 1427 1046 Aesopo
1461 982 1629 1048 opinio-

204 1116 215 1126 ,
273 1075 371 1103 nem
402 1057 582 1115 refellit,
615 1054 743 1104 etiam
774 1059 819 1104 in
849 1059 1142 1104 Andronicum
1172 1059 1299 1104 cadit.
1370 1056 1481 1116 Quis
1518 1057 1633 1103 enim

274 1142 561 1194 spectatorum
598 1133 778 1190 tulisset,
819 1133 857 1179 si
899 1134 1061 1181 cantico
1093 1133 1138 1179 in
1169 1131 1405 1179 diverbium
1435 1131 1631 1188 abeunte,

274 1206 384 1251 Aiax
423 1219 495 1252 aut
532 1201 719 1254 Achilles
761 1224 788 1255 a
827 1225 953 1253 scena
988 1208 1256 1264 recessisset,
1296 1207 1484 1269 alterque
1521 1207 1633 1251 Aiax

276 1290 349 1325 aut
378 1280 569 1326 Achilles
601 1282 690 1328 eius
722 1281 1047 1329 locosufsectus
1080 1282 1220 1328 esset?

332 1385 333 1389 =
395 1355 557 1401 Docuit
586 1357 858 1402 Andronicus
890 1357 1072 1419 primam
1101 1357 1290 1401 fabulam
1321 1355 1433 1400 ludis
1475 1356 1631 1401 Juven-

276 1428 374 1473 tatis
406 1439 513 1475 teste
545 1430 663 1476 Attio
695 1431 809 1493 apud
832 1430 923 1477 Cic.
945 1430 1066 1475 Brut.
1092 1436 1158 1486 13,
1178 1439 1264 1486 79„
1297 1440 1368 1475 aut
1397 1429 1508 1474 ludis
1539 1429 1633 1476 Ro-

279 1503 434 1560 manis,
479 1505 592 1567 quod
625 1505 913 1557 Cassiodorus
957 1505 1117 1552 Chron.
1148 1504 1278 1549 Tom.
1315 1503 1348 1550 I.
1377 1522 1420 1567 p.
1444 1510 1543 1562 383,
1564 1506 1632 1570 ed.

276 1576 425 1623 Garet.
458 1590 649 1625 annotat.
680 1587 714 1633 ¹)
775 1580 933 1626 Utrum
971 1579 1234 1629 comoediam
1273 1596 1329 1624 an
1369 1579 1635 1642 tragoediam

275 1652 460 1714 priorem
492 1654 696 1710 ediderit,
728 1655 932 1700 incertum
964 1665 1054 1711 est,
1096 1672 1231 1717 neque
1267 1654 1523 1716 argumentis
1565 1654 1633 1700 vel

275 1743 327 1770 ex
357 1725 657 1773 Romanorum
688 1729 861 1791 ingenio
904 1729 972 1774 vel
1015 1746 1065 1774 ex
1111 1727 1279 1791 scriptis
1326 1738 1514 1776 veterum
1560 1727 1632 1773 de-

276 1802 456 1865 sumptis
487 1801 733 1849 alterutrum
764 1803 938 1866 probari
967 1813 1138 1866 *potest*
1202 1802 1410 1849 Osannus
1448 1801 1635 1864 priorem

275 1873 409 1920 fuisse
465 1878 731 1923 comoediam
792 1878 1033 1934 contendit,
1087 1876 1315 1922 Diomedis
1370 1876 1632 1940 aliorumque

276 1950 649 2009 grammaticorum
680 1951 862 1997 afferens
895 1951 1136 1997 testimonia
1168 1959 1226 2013 (p.
1250 1957 1320 1997 51.
1351 1961 1392 1997 et
1413 1957 1524 2007 52.);
1557 1952 1632 1999 sed

275 2022 383 2069 haec
413 2023 520 2070 illud
541 2036 706 2071 tantum
726 2025 964 2083 continent,
997 2026 1111 2089 quod
1142 2025 1310 2083 scimus,
1341 2026 1633 2074 Andronicum

274 2096 446 2145 Romae
484 2101 667 2163 primum
709 2101 840 2147 fuisse
880 2100 1195 2146 comoediarum
1238 2112 1278 2146 et
1318 2102 1632 2164 tragoediarum

274 2185 504 2221 auctorem.
564 2175 802 2231 Diomedes
836 2175 1005 2238 quidem
1025 2175 1105 2220 III.
1123 2174 1223 2227 436.
1245 2176 1514 2239 tragoediam
1542 2193 1633 2223 non

272 2262 496 2307 memorat,
545 2251 622 2297 sed
665 2250 840 2297 Osanni
879 2250 1090 2296 sententia
1130 2250 1218 2295 eius
1249 2250 1344 2297 loco
1375 2267 1463 2296 non
1492 2250 1630 2312 magis

274 2340 400 2385 quam
430 2325 604 2388 reliquis
636 2326 970 2380 demonstratum
1002 2325 1246 2387 tragoediae
1273 2325 1385 2371 enim
1405 2334 1633 2388 propterea

372 2505 409 2552 ¹)
434 2506 566 2546 Attius
603 2508 720 2546 etiam
752 2509 799 2547 in
832 2509 905 2546 hac
938 2520 980 2546 ro
1013 2519 1157 2548 errasse
1186 2508 1354 2549 videtur.
1404 2507 1480 2547 Cir.
1510 2508 1631 2558 Lang.

261 2564 389 2604 vind.
414 2579 455 2614 p.
480 2572 540 2605 22.
566 2575 647 2605 not.
672 2574 733 2611 29.
1586 2591 1588 2593 ·
