1730 3015
763 145 845 210 85

0 279 1 329 l
62 351 64 355 ⁸
115 304 329 351 ubam
345 299 475 347 Livii
498 295 692 354 fabulis,.
706 297 768 344 ita
801 307 849 343 ut
884 307 1082 362 queratur
1119 295 1347 354 Horatius,
1385 313 1475 345 car-

129 379 251 426 mina-
274 377 388 423 Livii

853 450 1078 496 emendata
1106 448 1242 495 videri

248 524 491 586 Pulcraque
523 533 565 569 et
594 522 750 571 exactis
779 522 999 569 minimum
1023 524 1243 572 distantia.

134 600 429 650 Concedamus
453 609 605 655 autem,
637 615 723 657 eos‘
746 598 817 661 qui
835 599 1068 644 viventibus
1091 598 1240 645 Tullio
1257 609 1303 645 'et
1321 597 1481 644 Flacco

132 687 243 724 recte
274 673 455 719 iudicare
485 672 719 738 potuerint,
753 689 847 718 cum
877 673 980 737 ipsis
1012 673 1234 719 damnasse
1273 674 1480 720 Livianas

133 749 300 797 fabulas
309 784 321 804 ‚
354 758 396 793 et'
424 765 540 804 „non
572 747 678 793 satis
702 746 853 808 dignas
886 764 991 809 quae
1032 746 1182 792 iterum
1216 747 1483 809 legerentur“

135 816 241 880 (Cic.
263 822 386 868 Brut.
422 827 488 878 18,
508 830 597 877 71.)
630 833 671 868 et
701 832 929 884 agerentur
958 820 1181 879 habuisse,
1214 822 1327 884 quod
1356 821 1483 868 etiam

133 898 334 963 probatur
363 896 624 954 testimonio,
663 897 716 943 ab
761 897 946 943 Osanno
985 896 1145 943 omisso
1192 895 1311 941 Livii
1349 895 1483 941 histo-

133 972 222 1029 rici,
269 972 341 1035 qui
372 971 444 1017 lib.
466 971 656 1018 XXVII.
686 990 721 1018 c.
749 975 821 1026 37.
853 972 903 1017 de
935 972 1117 1018 carmine
1150 970 1205 1016 ab
1236 970 1486 1016 Andronico

132 1048 176 1093 iu
204 1046 415 1104 Junonem
445 1047 681 1110 composito
712 1047 835 1093 dicit:
864 1046 1081 1110 „Carmen
1120 1045 1197 1091 illa
1233 1056 1486 1109 tempestate

133 1120 314 1166 forsitan
358 1121 570 1166 laudabile
621 1122 793 1167 rudibus
842 1116 1049 1184 ingeniis,
1094 1138 1206 1166 nunc
1249 1120 1489 1166 abhorrens

136 1193 466 1243 et‘inconditum
497 1196 533 1242 si
561 1194 811 1250 reseratur.“
871 1196 956 1242 His
987 1208 1130 1242 tamen
1161 1195 1356 1242 omnibus
1395 1194 1484 1258 pri-

58 1309 64 1318 .
135 1288 252 1316 mum
299 1286 387 1314 non
428 1270 665 1314 ostenditur
712 1270 811 1314 illas
859 1270 1026 1315 fabulas
1074 1270 1305 1315 recentiore
1348 1280 1485 1314 aetate

135 1362 284 1395 revera
325 1344 471 1389 doctas
503 1360 592 1388 non
633 1360 752 1400 esse,
793 1354 836 1389 et
876 1344 1027 1389 deinde
1065 1344 1215 1390 eodem
1252 1343 1403 1389 iudicio
1435 1342 1487 1387 de

137 1416 305 1464 Naevio
349 1434 516 1480 quoque
568 1417 779 1463 sententia
827 1418 937 1464 dicta
992 1428 1075 1474 est,
1125 1417 1197 1480 qui
1245 1434 1324 1462 nec
1374 1433 1488 1463 com-

139 1493 364 1556 positionis
406 1503 494 1537 arte
534 1510 612 1538 nec
651 1492 858 1538 sermonis
909 1492 1116 1555 elegantia
1157 1491 1379 1555 aequalem
1418 1508 1488 1536 su-

138 1586 211 1613 um
240 1566 429 1613 Livium⁴
450 1566 574 1612 valde
614 1567 827 1631 superavit
887 1568 1066 1621 (Horat.
1105 1567 1134 1612 l.
1160 1566 1230 1620 l.).
1261 1566 1412 1613 Cicero
1442 1566 1489 1612 in

137 1642 261 1688 Brut.
282 1653 353 1699 74,
372 1647 470 1687 353.
504 1641 556 1687 C.
579 1641 716 1688 Laelii
745 1653 786 1687 et
804 1641 858 1687 P.
881 1642 1095 1707 Scipionis
1114 1641 1330 1705 aequales,
1374 1640 1488 1687 Cae-

140 1717 280 1764 cilium
312 1728 354 1763 et
381 1716 642 1774 Pacuvium,
676 1717 746 1780 qui
776 1728 877 1780 post
906 1717 1095 1763 Ennium
1125 1728 1167 1762 et
1196 1716 1402 1762 Plautum
1431 1716 1489 1762 ad

138 1791 302 1838 fabulas
334 1792 580 1838 scribendas
612 1792 887 1848 accedebant,
918 1792 1097 1837 incultos
1127 1791 1256 1838 habet
1276 1802 1317 1837 et
1346 1791 1489 1849 „male

140 1867 335 1913 locutos“
379 1867 504 1922 dicit3
546 1868 647 1932 quid
686 1867 812 1930 igitur
850 1867 901 1912 de
933 1864 1129 1913 Naevio?
1193 1866 1283 1927 Qui
1312 1877 1490 1930 propter

140 1942 463 2005 incompositam
499 1944 726 2005 rudemque
757 1942 944 2004 linguam
981 1942 1093 1987 Livii
1121 1941 1288 1988 fabulas
1318 1958 1345 1987 a
1371 1941 1489 1987 thea-

141 2016 219 2062 tris
251 2016 513 2075 coercebant,
545 2033 632 2062 non
671 2017 844 2080 aequius
885 2016 936 2063 de
973 2014 1131 2063 Naevii
1171 2016 1340 2081 scriptis
1381 2015 1490 2062 iudi-

145 2107 239 2136 care
270 2103 490 2155 poterant,
523 2104 563 2138 ct
605 2093 755 2156 quibus
795 2091 911 2138 Livii
949 2079 1135 2138 vetustus
1173 2109 1312 2139 sermo
1351 2092 1490 2149 durus,

148 2166 203 2211 iis
237 2163 395 2213 Naevii
425 2167 568 2230 lingua
599 2179 708 2214 certe
740 2168 872 2214 dulcis
904 2185 992 2214 non
1022 2178 1125 2213 erat.
1188 2168 1378 2215 Obstarc
1400 2167 1491 2230 qui-

146 2240 245 2285 dem
276 2241 441 2286 videtur
476 2242 572 2306 huic
612 2242 763 2289 iudicio
802 2242 921 2289 locus
960 2242 1175 2289 Macrobii
1215 2243 1305 2290 Sat.
1337 2241 1417 2288 VI.
1448 2250 1491 2288 2.

145 2315 231 2372 fin„
254 2332 337 2378 quo
361 2314 574 2363 Naevium
602 2318 788 2364 imitatus
819 2336 911 2364 esse
940 2318 1070 2364 fertur
1098 2316 1326 2378 Virgilius,
1356 2316 1418 2362 ita
1446 2327 1494 2362 ut

147 2407 235 2436 non
265 2390 453 2454 singulos
486 2410 651 2451 versus,
685 2394 761 2441 sed
798 2404 931 2440 totam
971 2392 1293 2456 descriptionem
1331 2402 1492 2456 tempe-

148 2465 268 2510 statis
292 2467 413 2519 (Aen.
431 2468 465 2511 I.
489 2474 559 2525 81,
582 2478 695 2531 sqq.)
718 2480 759 2514 et
778 2469 962 2515 Veneris
993 2485 1137 2532 preces
1158 2467 1360 2529 Jovisque
1391 2484 1493 2529 pro-

147 2540 279 2587 missa
316 2540 432 2597 (ibid.
462 2551 562 2601 223,
594 2551 706 2608 sqq.)
738 2562 788 2591 ex
824 2543 945 2590 illius
974 2543 1111 2608 primo
1147 2541 1256 2588 libro
1297 2542 1348 2588 de
1378 2540 1495 2587 bello

147 2613 313 2662 Punico
343 2618 567 2680 receperit:
608 2620 685 2665 sed
726 2618 960 2681 Virgilium
1000 2636 1088 2665 non
1122 2618 1309 2679 integros
1347 2633 1496 2664 versus
