1730 3015
718 184 875 268 59,

81 338 169 389 rita
205 337 375 388 Galbae
405 355 441 384 c.
468 346 534 382 13.Ι
564 334 805 383 huiusmodi
841 336 999 402 vulgati
1021 330 1239 388 ⁴carminis
1275 338 1439 385 initium

79 417 310 463 memoriae
348 411 561 477 prodidit:
604 411 782 472 „Quare
820 414 1026 461 adventus
1069 414 1174 471 eius,
1213 412 1347 459 refert
1387 415 1440 460 de

82 491 237 546 Galba,
269 504 358 534 non
387 485 562 550 perinde
596 498 740 547 gratus
771 486 869 534 fuit:
900 489 1027 551 idque
1056 489 1251 553 proximo
1272 499 1439 553 specta—

80 565 175 610 culo
206 561 419 627 apparuit.
482 561 704 623 Siquidem
732 563 943 608 Atellanis
973 565 1307 609 notissimum
1339 581 1439 610 can-

80 639 206 684 ticum
238 636 414 694 exorsis,
445 634 637 694 „Venit
667 635 716 681 io
750 636 923 682 Simus
956 637 982 681 a
1011 638 1180 695 villa,’'
1211 639 1348 685 cuncti
1380 639 1438 684 si-

80 712 170 758 mul
193 722 453 774 spectatores
481 710 766 757 consentiente
788 727 891 756 voce
913 711 1119 774 reliquam
1139 724 1303 774 partem
1324 725 1439 759 retu·

82 786 234 843 lerunt,
266 802 316 832 ac
346 785 517 849 saepius
549 779 893 848 versu'repetitov
913 787 1122 848 egerunt.”
1183 786 1279 832 Huc
1308 787 1439 850 perti-

83 872 184 908 nent
209 861 435 923 proverbia
466 877 654 923 quoque,
686 860 912 922 omniaque
942 860 1079 905 facete
1111 871 1151 905 et
1183 861 1296 906 salse
1328 862 1442 906 dicta

84 936 277 999 antiqua,
311 952 418 1000 quae
456 947 582 982 antea
612 934 657 982 in
693 933 868 981 lusibus·
894 935 1151 999 pastoritiiS,
1204 946 1303 982 tunc
1341 952 1442 982 vero

84 1013 129 1059 in
151 1012 375 1069 AtellaniS,
408 1029 516 1075 quae
539 1011 808 1074 potissimum
840 1012 990 1057 exodia
1023 1022 1327 1069 assumseram,
1358 1011 1442 1057 iac-

82 1088 301 1144 tabantur,
331 1087 540 1151 permixta
580 1087 682 1132 iocis
722 1085 866 1143 Oscis,
898 1097 940 1132 et
970 1086 1168 1143 dicteriis,
1199 1086 1439 1150 proverbiis

84 1173 127 1209 et
157 1162 329 1208 canticis
361 1161 460 1206 inde
491 1161 651 1225 petitis.
714 1160 887 1207 Salibus
926 1161 1194 1207 mordacibus
1227 1172 1269 1207 et
1301 1160 1439 1207 ambi-

84 1237 178 1301 guis
208 1237 311 1283 iocis
349 1236 514 1292 deinde,
554 1235 717 1280 ratione
762 1234 1124 1281 Fescenninorum
1166 1237 1290 1290 (Hor.
1323 1236 1442 1299 Epp.

84 1313 142 1357 ΙΙ.
168 1323 205 1368 1,
233 1317 328 1367 145,
351 1319 464 1373 sqq.)
508 1307 637 1373 saepe
677 1308 881 1371 petebant
920 1309 1132 1372 principes
1171 1310 1443 1373 reipublicae,

85 1402 221 1449 neque
257 1385 364 1449 ipsis
395 1383 728 1447 imperatoribus
757 1384 1013 1447 parcebant3
1067 1385 1182 1431 cuius
1213 1384 1274 1430 rei
1314 1402 1446 1447 quum

86 1461 211 1525 plura
239 1470 381 1505 extent
410 1458 617 1522 exempla,
664 1457 849 1505 sufficiat
878 1476 1007 1505 unum
1041 1459 1245 1516 attulisse,
1277 1477 1327 1504 ex
1361 1475 1445 1523 quo

88 1536 213 1582 etiam
246 1535 331 1580 alia
371 1534 426 1579 ad
464 1534 687 1581 Atellanas
731 1535 967 1598 spectantia
1009 1535 1273 1597 colligantur.
1335 1535 1444 1580 Sue-

87 1621 175 1656 ton.
206 1607 342 1656 Nero.
366 1618 447 1664 39:
476 1608 646 1666 „Datus
677 1608 972 1655 Atellanarum
1002 1608 1164 1666 histrio,
1197 1609 1241 1655 in
1273 1609 1439 1655 cantico

90 1686 288 1749 quodam,
324 1683 694 1749 ὑγιάινε,πάτερ,
736 1685 913 1745 ὑγίαινε
942 1686 1096 1751 μῆτερ,
1133 1685 1193 1730 ita
1229 1696 1443 1729 monstra-

88 1771 209 1807 verat
237 1769 476 1825 (praesente
507 1757 699 1814 Nerone)
730 1771 777 1806 ut
805 1760 1018 1806 bibentem
1049 1770 1346 1822 natantemque
1378 1758 1442 1805 fa-

91 1846 219 1891 ceret,
269 1836 426 1880 exitum
465 1834 518 1879 C.
548 1834 738 1891 Claudii,
784 1835 1131 1898 Agrippinaeque
1163 1834 1437 1896 significans:

89 1920 146 1956 et‘
171 1910 217 1955 in
255 1910 488 1956 novissima
518 1910 752 1968 clausula‚'’
797 1910 937 1957 Orcus
978 1910 1099 1956 vobis
1142 1910 1258 1956 ducit
1294 1910 1443 1974 pedes,

89 1996 310 2041 „senatum
341 1995 461 2048 gestu
479 1987 696 2044 ·notaret.”
755 1986 873 2031 Artis
915 1985 1107 2031 mimicae
1139 1985 1327 2031 Atellani
1364 1985 1444 2030 ita-

93 2075 175 2122 que
202 2059 316 2106 haud
345 2061 529 2125 imperiti
559 2079 654 2108 esse
684 2061 909 2119 debebant,
951 2079 1034 2125 quo
1067 2062 1125 2118 fit,
1165 2073 1212 2107 ut
1240 2062 1285 2107 in
1316 2078 1443 2125 agen-

94 2133 160 2178 dis
189 2128 343 2181 'sabulis
374 2136 652 2182 rusticitatem
681 2135 868 2199 liquisse,
899 2136 1099 2200 lususque
1134 2153 1233 2182 suos
1274 2136 1444 2197 ingenio

94 2216 331 2269 temporum
379 2212 677 2257 accomodasse
725 2211 971 2267 videantur,
1026 2211 1164 2257 edocti
1205 2227 1230 2254 a
1269 2209 1444 2255 Graecis

55 2316 63 2320 .
93 2278 379 2332 histrionibus.
440 2284 656 2331 Proximis
687 2297 785 2348 post
815 2285 987 2332 Livium
1017 2284 1307 2331 Andronicum
1350 2299 1443 2329 sae-

93 2355 199 2402 culis
229 2361 471 2407 mutationis
502 2361 720 2407 cuiusdam
757 2361 912 2407 indicia
942 2377 1029 2406 non
1060 2359 1338 2413 inveniuntur,
1368 2375 1446 2422 po·

95 2441 187 2477 stea
228 2444 389 2495 autem,
437 2435 648 2482 Atellanis
695 2436 768 2482 diu
812 2436 1043 2482 iacentibus
1083 2452 1108 2480 a
1137 2433 1352 2480 Mummio
1393 2434 1447 2480 de

94 2522 207 2552 novo
229 2510 415 2556 excitatis
441 2511 656 2565 (Macrob.
676 2512 769 2557 Sat.
790 2512 826 2556 Ι.
852 2519 951 2566 10.),
985 2527 1111 2571 quum
1134 2509 1244 2554 circa
1274 2508 1449 2554 Cicero-

96 2579 161 2624 nis
204 2594 386 2634 aetatem
425 2595 471 2634 et.
509 2585 587 2632 sub
633 2585 784 2649 primis
834 2584 1090 2632 Caesaribus
1138 2583 1309 2646 antiqua
1354 2583 1449 2629 iura

97 2650 395 2703 Atellanorum
424 2660 574 2706 ceteris
604 2660 882 2705 histrionibus
912 2659 1181 2714 cedebantur,
1223 2669 1266 2703 et
1304 2674 1449 2720 quum,
