1730 3015
319 579 426 651 H.
459 580 554 659 L.
592 579 1355 653 NADERMANNO

261 717 537 765 GYMNAsn
577 726 1069 766 MONASTERIENSIS
1114 727 1422 763 mmzc'rom

752 894 818 977 S.
840 904 918 976 P.

155 1027 321 1113 Rem
349 1068 581 1114 scenicam
611 1069 903 1131 antiquorum
934 1071 1216 1131 populorum
1245 1072 1293 1115 si
1319 1071 1421 1132 quis
1453 1085 1507 1115 eo

159 1165 350 1210 consilio
381 1164 704 1210 illustrandam
733 1162 827 1207 sibi
858 1145 1095 1220 sumserit,
1135 1173 1185 1209 ut
1216 1171 1508 1224 praesentem

156 1259 305 1308 studii
317 1259 540 1322 fructum
568 1257 818 1319 percipiat,
857 1258 1063 1320 artisque
1086 1266 1343 1319 praecepta
1372 1274 1508 1320 quae—

154 1354 382 1399 stionibus
410 1354 506 1399 suis
535 1353 733 1399 collecta
758 1352 1088 1398 recentioribus
1108 1352 1397 1415 fabularum
1428 1370 1508 1398 au-

155 1448 361 1494 ctoribus
393 1448 572 1504 tradat,
597 1447 679 1492 ille
702 1464 789 1509 pro
819 1446 1027 1493 instituti
1052 1447 1130 1492 sui
1154 1447 1330 1492 ratione
1359 1447 1505 1491 multo

157 1542 314 1603 aptius
370 1541 655 1588 Graecorum
709 1548 963 1602 poetarum
1002 1541 1210 1604 fabulas
1266 1541 1507 1601 diligenter

151 1636 511 1682 considerandas
540 1635 633 1680 sibi
652 1635 801 1696 eliget,
823 1652 961 1696 quam
979 1635 1315 1690 Romanorum,
1338 1635 1507 1695 quippe

153 1732 236 1794 qui
264 1732 313 1776 in
345 1730 433 1776 hoc
467 1744 644 1791 quoque
673 1729 832 1790 poesis
867 1745 1028 1791 genere
1068 1729 1257 1775 Graecis
1297 1736 1403 1774 arte
1437 1728 1503 1773 in-

136 1825 344 1889 ser-iores
380 1823 683 1885 reperiantur.
741 1822 839 1868 Sed
870 1822 950 1885 qai
982 1822 1189 1884 singulas
1226 1824 1344 1868 artis
1378 1838 1502 1884 regu-

156 1921 242 1976 las,
281 1919 442 1981 quibus
475 1918 652 1979 antiqui
678 1917 754 1962 usi
779 1917 885 1973 sint,
905 1917 1098 1978 nostris
1123 1919 1278 1978 poetis
1313 1918 1392 1963 viz·
1422 1917 1503 1962 ad-

152 2013 301 2059 hiberi
320 2029 464 2073 posse
492 2013 719 2075 intelligit,
751 2041 808 2047 -
839 2029 947 2058 nam

269 2106 498 2153 Diversos
530 2106 716 2153 diversa
744 2106 918 2162 iuvant,
949 2123 1042 2153 non
1072 2107 1281 2153 omnibus
1314 2107 1448 2152 annis

254 2229 326 2247 .-—
363 2201 535 2247 Omnia
564 2201 860 2255 conveniunt,-

150 2295 312 2359 quique
354 2295 582 2341 hominum
623 2295 802 2358 ingenio
845 2297 993 2357 magis
1037 2297 1221 2359 dignum
1261 2296 1502 2343 existimat

150 2371 436 2453 cognoscere,
470 2390 763 2452 quodsuerit
794 2392 1085 2454 antiquorum
1114 2392 1343 2438 hominum
1372 2391 1495 2451 inge-

152 2486 299 2538 nium‚·
339 2485 444 2530 huic
485 2485 627 2530 etiam
673 2485 922 2531 Romanae
955 2486 1164 2548 fabulae
1202 2503 1294 2531 non
1343 2492 1498 2530 conte-

150 2580 375 2627 mnendae
407 2580 696 2647 videbuntur,
733 2599 869 2644 quum
901 2588 948 2628 et
977 2580 1086 2627 illae
1114 2581 1247 2643 ipsae
1277 2588 1323 2626 et
1356 2579 1497 2634 ratio,
