1730 3015
836 144 875 209 3

170 314 299 361 quum
336 298 513 356 Graeci,
554 297 741 360 perfecto
782 315 861 344 suo
901 316 1050 362 opere,
1093 300 1181 346 iam
1221 299 1329 345 nihil
1373 303 1529 348 addere

167 385 378 436 poterant.
452 373 628 419 Graecis
677 373 957 436 Melpomene
1005 375 1230 432 Arionem,
1277 375 1533 438 Epigenem,

170 448 368 512 Thespia
406 459 447 494 et
473 446 766 509 Phrynichum
805 449 923 494 dedit
952 450 1190 494 dramatum
1212 461 1408 496 auctores
1439 450 1533 504 (csr.

166 522 359 569 Boeckh.
388 522 433 568 in
467 522 740 569 oeconomia
772 523 952 569 civitatis
985 523 1307 570 Atheniensium
1340 537 1443 571 tom.
1474 525 1531 571 II.

166 616 209 662 p.
234 599 334 654 361,
358 615 452 661 sqq.
484 608 525 643 et
555 597 629 643 Fr.
662 595 887 642 Thiersch.
919 599 976 644 ad
1007 598 1188 644 Pin1!.I.
1219 617 1262 662 p.
1284 608 1379 657 151,
1399 610 1529 664 sqq.)‚

168 674 240 736 qui
273 673 447 718 chorum
486 672 696 717 docebant
727 671 993 734 dithyrambo
1025 673 1211 736 primum
1240 674 1401 721 Bacchi
1432 676 1530 721 dein

164 748 345 793 Adrasti
376 748 639 810 aliorumque
681 748 856 793 deorum
894 759 936 793 et
976 747 1154 792 heroum
1184 749 1295 794 facta
1327 761 1368 794 et
1398 751 1527 796 virtu-

165 833 229 868 tes
272 821 506 878 celebrare,
559 822 701 867 donec·
736 833 890 886 postea
936 823 1085 868 addito
1129 822 1333 869 histrione
1384 824 1531 869 drama

164 896 390 961 prodibat;
423 896 723 943 Romanorum
754 897 1099 943 consuetudinem
1133 897 1291 944 Musae
1320 898 1391 943 diu
1425 898 1529 943 vita-

165 984 334 1029 verunt,
375 984 417 1018 et
453 984 551 1018 ante
591 972 760 1018 Livium
808 973 1102 1019 Andronicum
1141 990 1269 1019 nemo
1320 973 1527 1037 populum

164 1046 414 1093 Romanum
447 1047 600 1093 altiora
631 1048 674 1093 in
705 1066 751 1105 re
785 1049 1023 1094 dramaticav
1047 1060 1192 1112 petere
1223 1049 1426 1094 incitavit.

287 1121 544 1184 Quicunque
592 1123 776 1186 populus
816 1140 904 1168 non
960 1125 1126 1186 quaerit
1165 1125 1282 1187 quod
1322 1136 1408 1181 est,
1450 1126 1527 1171 sed

168 1197 283 1260 quod
325 1196 529 1259 prodest,
571 1214 787 1258 nunquam
840 1215 890 1242 ex
938 1214 983 1242 se
1025 1209 1135 1242 artes
1180 1199 1385 1259 ingenuas
1425 1216 1526 1261 pro-

166 1271 338 1318 creabit.
390 1270 514 1316 Haec
548 1282 690 1316 autem
721 1282 783 1316 est
813 1270 1001 1316 conditio
1032 1270 1344 1329 Romanorum,
1377 1284 1418 1318 et
1447 1272 1529 1319 hac

165 1357 307 1392 mente
349 1346 406 1392 ad
446 1362 592 1391 omnes
630 1356 742 1390 artes
782 1356 1072 1401 accesserunt,
1116 1357 1162 1391 ut
1198 1358 1527 1404 contemnerent,

165 1421 276 1467 unde
307 1435 387 1466 nec
419 1420 500 1467 sibi
531 1438 609 1466 nec
646 1420 707 1466 rei
737 1420 929 1483 publicae
962 1420 1292 1467 emolumentum
1322 1439 1527 1486 praesens

166 1507 411 1559 sperarent,
467 1513 596 1559 quum
646 1495 803 1541 Graeci
856 1496 970 1558 quod
1022 1496 1183 1540 bonum
1249 1508 1291 1541 et
1335 1496 1527 1559 pulcrum

166 1571 462 1627 existimarent,
495 1570 655 1617 nullam
689 1571 818 1616 aliam
849 1571 904 1616 ob
936 1587 1109 1617 causam
1141 1588 1305 1617 summa
1326 1572 1527 1616 ‘omnium

165 1647 318 1710 virium
347 1646 613 1692 contentione
635 1646 808 1708 dignum
835 1645 1051 1691 haberent.
1112 1647 1194 1703 „ln
1222 1663 1390 1692 summo
1411 1648 1528 1710 apud

164 1720 278 1778 illos,
312 1721 530 1767 confitetur
561 1720 712 1767 Cicero
745 1719 923 1766 Tuscul.
945 1720 979 1765 l.
1003 1730 1044 1765 2.
1069 1729 1124 1777 5.,
1156 1720 1317 1766 honore
1350 1739 1523 1783 geome-

165 1796 248 1842 tria
277 1795 377 1841 fuit:
411 1796 553 1857 itaque
584 1795 689 1840 nihil
720 1795 1027 1840 mathematicis
1066 1795 1284 1841 illustrius.
1347 1797 1407 1841 At
1442 1812 1523 1840 nos

164 1870 370 1917 metiendi
417 1870 781 1933 ratiocinandique
836 1870 1015 1915 utilitate
1073 1869 1195 1916 huius
1239 1870 1341 1916 artis
1382 1870 1525 1916 termi-

165 1946 361 1992 navimus
403 1946 617 1991 modum.''
678 1946 813 1992 Senes
845 1943 1145 1992 Romanorum
1176 1946 1365 2010 expertia
1395 1945 1527 2008 frugis

166 2021 441 2078 damnabant,
474 2033 583 2067 teste
615 2022 800 2068 Horatio
833 2022 886 2068 ad
908 2020 1001 2067 Pis.
1022 2032 1137 2078 341„
1160 2032 1202 2066 et
1220 2022 1345 2085 pueri
1376 2022 1433 2067 ad
1462 2022 1525 2066 lu-

168 2112 285 2141 crum
317 2097 651 2142 animadvertere
683 2096 962 2142 docebantur:

286 2171 432 2226 Graiis
464 2173 701 2234 ingenium,
735 2172 881 2217 Graiis
915 2172 1031 2217 dedit
1062 2189 1135 2216 ore
1166 2171 1349 2216 rotundo

286 2245 421 2291 Musa
452 2245 584 2309 loqui,
616 2258 787 2310 praeter
816 2245 986 2291 laudem
1016 2245 1174 2291 nullius
1207 2245 1362 2290 avaris.

286 2319 479 2365 Romani
508 2322 630 2383 pueri
660 2322 800 2384 longis
833 2321 1066 2366 rationibus
1097 2336 1240 2364 assem

286 2395 471 2442 Discunt
500 2395 546 2439 in
576 2407 720 2458 partes
754 2407 920 2442 centum
952 2396 1160 2441 diducere.
1183 2421 1264 2429 —-·

262 2470 421 2518 Graeci
451 2469 700 2516 excellentes
732 2471 777 2516 in
809 2471 958 2534 quavis
991 2481 1079 2515 arte
1111 2469 1226 2514 viros
1257 2467 1419 2513 honore
1449 2467 1526 2513 do-

169 2547 353 2601 nabant;
385 2544 574 2590 Romani
601 2562 650 2589 ex
677 2545 779 2591 urbe
810 2545 1032 2591 eiiciebant
1057 2541 1340 2607 philosophos
1371 2552 1413 2586 et
1431 2541 1526 2588 rhe-

169 2630 310 2677 tores3
344 2609 600 2682 et⁴Augusti
628 2619 737 2666 adeo
767 2631 908 2666 aetate
939 2618 1208 2680 conqueritur
1238 2615 1450 2662 Ovidius:
