1730 3015
873 118 950 182 18

229 272 400 334 rustica.
432 290 469 318 c.
516 282 611 322 141.
657 295 716 302 —
748 268 898 327 Quum
943 279 1084 314 autem
1126 269 1174 314 in·
1219 268 1299 314 hoc
1318 295 1320 297 >
1342 270 1592 317 Ambarvali

229 332 343 393 festo
372 363 464 392 non
490 343 725 391 admodum
752 342 1025 405 perspicuum
1054 345 1134 402 sit,
1165 355 1304 390 utrum
1324 343 1482 406 singuli
1501 362 1590 390 car*-

231 422 359 468 mina'
378 417 620 476 retulerint,
650 435 730 475 an,
764 417 880 480 quod
910 418 1100 476 videtur,
1131 418 1250 466 chori
1269 429 1474 469 concentu
1493 436 1590 465 eau-

230 508 320 544 tata
352 496 459 552 sint,
489 494 675 557 adiungo
697 493 822 539 ludos
843 492 996 540 Annae
1016 493 1241 541 Perennae
1264 495 1451 550 dicatos,
1483 511 1589 557 quos

228 570 420 622 Romani
440 568 788 616 summalaetitia
809 569 1142 615 committebant.
1180 608 1185 614 .
1205 570 1338 616 Ovid.
1368 569 1405 614 F
1408 580 1487 615 ast.
1509 570 1588 614 111.

229 654 328 703 523,
350 658 447 709 sqq.'
506 644 596 690 His
638 643 750 690 enim
788 642 923 689 ludis:
944 643 1056 690 inter
1096 654 1236 690 cetera
1272 645 1462 690 carmina
1491 660 1589 707 pro-

227 722 389 766 miscua
419 719 547 767 chori
568 718 803 783 puellarum
833 718 1141 765 inducebantur
1177 719 1403 765 iocantium
1442 730 1484 764 et
1514 719 1589 763 ob-

230 811 410 842 scoenos
431 810 580 840 versus
602 793 855 839 canentium.
875 792 1009 840 Ovid.
1030 793 1060 839 l.
1082 811 1123 841 c.
1136 812 1182 839 v.
1195 794 1300 849 695.
1330 793 1400 839 Ex
1420 792 1588 840 verbis-.

289 898 346 907 —
376 887 479 927 nam
499 879 678 925 coeunt,
710 879 973 931 certaque
1003 869 1164 932 probra
1194 880 1375 927 canunt,

230 945 312 991 nisi
342 960 601 1007 magnopere
631 941 778 998 fallor,
810 942 1007 1005 colligere
1038 943 1156 1000 licet,
1179 954 1341 997 certum
1361 939 1587 1006 quotannis

230 1036 400 1065 carmen
430 1035 456 1063 a
485 1016 639 1080 puellis
672 1007 887 1062 cantatum
918 1008 1039 1071 esse,
1070 1028 1112 1062 et
1143 1018 1314 1080 quidem
1357 1018 1409 1062 de
1446 1017 1589 1079 lepida
1628 1037 1631 1040 ⁴

225 1092 372 1139 fraude
414 1092 566 1138 Annae
603 1090 852 1148 Perennae,
897 1108 1024 1154 quam
1070 1091 1222 1142 eodem
1263 1090 1360 1137 loco
1402 1091 1588 1138 Ovidius

226 1168 369 1213 multis
408 1178 568 1213 narrat.
628 1165 843 1211 Ceterum
883 1165 988 1213 haec
1028 1156 1295 1223 sollemnitas
1335 1167 1589 1234 perantiqua

227 1255 342 1300 erat,
374 1254 416 1288 et
444 1241 501 1287 ab
533 1242 682 1287 Aenea
712 1240 902 1285 instituta
933 1258 1028 1287 esse
1048 1232 1290 1287 dicebatur.

346 1317 473 1362 Addo
509 1315 635 1380 ludos
673 1313 934 1371 saeculares,
979 1332 1160 1379 quorum
1201 1316 1321 1381 origo
1357 1317 1402 1361 in
1429 1334 1587 1379 „regum
1639 1331 1644 1335 ‘

227 1386 525 1438 Romanorum
569 1401 766 1452 tempora
821 1389 989 1446 incidit,
1048 1402 1088 1436 et
1125 1384 1288 1437 *fabulis
1348 1391 1584 1437 involvitur.

225 1465 389 1513 Notam
433 1464 632 1510 omnibus
672 1462 843 1510 Valerii
889 1462 1073 1509 Maximi
1115 1456 1186 1518 (II.
1226 1476 1267 1522 4,
1299 1473 1356 1518 5.)
1410 1466 1461 1511 (le
1492 1465 1585 1511 sesti

224 1540 385 1603 origine
416 1538 728 1593 narrationem,
761 1555 856 1583 cum
887 1554 970 1601 qua
992 1539 1231 1602 comparari
1251 1551 1438 1602 possunt
1477 1557 1584 1602 quae

224 1613 464 1660 Zosimus
452 1631 497 1658 1n
526 1612 642 1658 Hist.
663 1612 718 1657 II.
745 1624 782 1668 1,
805 1628 902 1674 sqq.
935 1613 1074 1669 tradit,
1107 1624 1332 1676 recoquere
1363 1606 1408 1659 in
1438 1615 1580 1659 animo

220 1704 309 1734 non
338 1698 412 1733 est.
475 1685 746 1732 Gravissima
776 1684 845 1731 lue
880 1696 977 1731 orta
1015 1688 1235 1733 numinum
1272 1687 1581 1752 placandorum

219 1763 356 1825 gratia
385 1751 545 1807 inventi
575 1760 663 1805 ludi
693 1760 960 1817 saeculares,
993 1772 1034 1806 et
1066 1763 1252 1823 primum
1289 1764 1334 1809 in
1373 1763 1579 1807 honorem

218 1836 335 1882 Ditis
387 1845 429 1882 et
462 1833 769 1898 Proserpinae
816 1852 895 1899 per
941 1845 1025 1880 tres
1068 1846 1214 1882 noctes
1262 1836 1437 1900 diesque
1480 1836 1579 1883 editi

221 1921 330 1956 sunt.
390 1910 503 1955 Post
536 1920 704 1955 exactos
735 1926 859 1969 reges
890 1910 1097 1955 Valerius
1129 1909 1353 1956 Publicola
1395 1928 1469 1955 eos
1511 1930 1576 1957 re-

220 1982 370 2040 stituit,
422 1992 464 2028 et
515 1982 686 2045 quidem
727 1981 881 2027 iterum
925 1982 981 2028 ob
1034 1983 1236 2030 morbum
1268 1984 1575 2048 depellendum.

217 2057 401 2120 Saepius
432 2067 585 2119 postea
613 2056 780 2118 repetiti
810 2068 933 2112 sunt,
970 2068 1057 2102 tum
1098 2069 1239 2103 autem
1279 2077 1367 2105 non
1399 2060 1478 2105 diis
1508 2062 1573 2107 in-

215 2130 317 2179 feris
358 2129 525 2188 solum,
556 2130 633 2175 sed
662 2129 792 2175 etiam
822 2130 947 2188 Jovi,
977 2131 1162 2192 Junoni,
1193 2133 1421 2198 Apollini,
1462 2135 1571 2183 Dia-

194 2225 320 2264 nae,
352 2205 504 2252 Cereri
535 2216 576 2251 et
605 2203 701 2250 aliis
734 2205 943 2251 sacrificia
972 2224 1052 2269 pro
1083 2206 1218 2253 salute
1247 2208 1363 2254 urbis
1398 2210 1569 2256 fiebant.

213 2281 317 2327 Cfr.-
347 2279 462 2326 Hor.
482 2269 546 2324 ‘in
576 2278 739 2324 Carm-
786 2278 907 2325 Saec.
955 2290 997 2325 et
1035 2280 1096 2327 ibi
1142 2281 1285 2347 Intpp.
1365 2284 1567 2331 Carmina

209 2355 376 2403 choric'a
406 2354 474 2401 his
506 2353 783 2401 sollemnibus
822 2365 991 2402 cantata
1020 2373 1136 2414 esse,
1167 2358 1309 2404 multis
1341 2376 1566 2418 argumen-

207 2430 258 2475 tis
299 2428 480 2494 probari
511 2438 673 2493 potest,
704 2444 758 2473 ne
786 2439 927 2475 autem
967 2430 1095 2477 nimis
1129 2433 1381 2494 extendatur
1410 2430 1565 2489 sermo,

203 2504 350 2552 ceteris
381 2504 552 2552 omissis
582 2503 628 2552 in
657 2503 885 2551 discrimen
915 2521 1021 2553 voco
1051 2505 1193 2555 locum
1223 2506 1416 2554 Horatiiz
