1730 3015
714 158 794 235 79

80 319 164 384 plis
193 319 246 366 de
276 315 585 381 significatione
621 313 736 359 vocis
768 324 1059 376 argumentum
1088 312 1282 376 prolatis,
1312 313 1431 359 addit

78 407 361 459 postremum:
393 391 524 451 „Quo
557 400 734 452 apparet
764 406 934 435 omnem
965 390 1021 434 ad
1051 388 1325 435 scribendum
1357 389 1427 433 de-

79 471 281 517 stinatam
312 465 533 513 materiam
573 463 634 508 ita
673 463 917 526 appellari.’'
978 465 1077 511 Hoc
1115 475 1256 511 autem
1292 479 1429 525 neque

76 539 249 591 Livium
292 557 430 605 neque
469 536 694 584 Valerium
733 538 943 601 cogitasse
986 550 1114 602 put03
1162 539 1267 585 talia
1314 537 1430 584 enim

78 630 337 682 argumenta,
370 630 631 677 quamquam
660 629 748 669 non
777 614 821 657 in
851 625 969 658 actus
1001 615 1136 659 divisa
1167 625 1299 670 erant,
1339 614 1428 657 iam

76 703 280 755 usurpata
310 706 403 736 esse
440 686 653 732 debebant
689 686 744 732 ab
775 686 826 732 iis
865 687 937 749 qui
973 687 1259 733 Fescenninos
1301 686 1426 733 ludos

78 779 120 811 et
163 768 342 811 Saturas
386 772 736 826 composuerant,
778 762 893 823 quod
929 771 1027 809 ante
1053 760 1237 806 'Livium
1271 762 1429 807 factum

75 857 168 885 esse
201 854 330 900 supra
361 828 572 892 docuiset
601 835 738 881 verbis
768 836 843 893 „id
874 836 989 898 quod
1019 852 1166 881 omnes
1186 847 1276 881 tum
1295 847 1427 892 erant,

77 928 249 959 suorum
288 910 521 956 carminum
558 912 712 967 act0r‚''
747 909 815 956 hic
853 910 1004 956 iterum
1045 910 1262 974 probatur.
1322 907 1430 955 Non

80 987 218 1043 viden,
242 986 339 1048 quid
361 986 542 1041 tandem,
575 985 612 1030 si
634 985 842 1042 statueris,
874 986 975 1031 talia
996 997 1245 1048 argumenta
1267 996 1364 1030 ante
1386 985 1430 1029 iu

75 1078 156 1107 usu
183 1076 271 1106 non
301 1059 446 1116 fuisse,
481 1059 737 1120 Quintiliani
768 1060 952 1105 definitio
984 1060 1040 1105 ad
1071 1060 1322 1124 explicanda
1351 1058 1431 1103 Li-

75 1136 133 1181 vii
158 1134 303 1180 ·verha
348 1134 495 1188 faciat;
544 1134 643 1196 quid
684 1135 795 1179 enim
833 1146 919 1179 est:
964 1135 1140 1190 „sabula
1184 1136 1241 1180 ad
1288 1145 1428 1179 actum

77 1227 296 1257 scenarum
328 1209 565 1274 composita
595 1207 785 1254 fabulam
816 1226 953 1256 serere
987 1210 1124 1272 coepit
1136 1210 1182 1255 (Γ
1220 1208 1425 1255 Valerius

78 1302 243 1347 quoque
273 1295 495 1346 utrumque
526 1282 791 1338 vocabulum,
829 1296 1122 1345 argumentum
1153 1295 1195 1328 et
1223 1283 1427 1339 fabulam,

75 1359 297 1423 expressit,
328 1369 370 1404 et
399 1375 535 1420 neque
568 1358 681 1420 apud
711 1356 823 1404 hunc
854 1374 989 1420 neque
1021 1358 1134 1421 apud
1164 1357 1336 1404 Livium
1367 1357 1430 1404 al-

75 1444 278 1480 terutrum
333 1443 490 1478 temere
533 1432 742 1478 adiectum
787 1449 952 1478 censeo.
1013 1430 1076 1478 Ni
1119 1432 1249 1478 fallor
1304 1451 1429 1493 argu-

74 1519 263 1555 mentum
291 1506 359 1553 hic
388 1523 467 1570 pro
498 1507 751 1570 cogitatione
788 1506 925 1554 ethica
963 1519 1005 1554 et
1045 1508 1164 1571 quasi
1199 1508 1296 1554 idea
1334 1507 1428 1571 phi-

74 1583 294 1646 losophica
325 1583 613 1645 accipiendum
644 1593 721 1638 est,
754 1599 861 1644 quae
892 1583 1093 1628 historiae
1124 1583 1327 1628 dramatis
1360 1583 1420 1628 in·

75 1658 269 1713 haerens,
303 1656 495 1719 singulos
527 1667 643 1703 actus
675 1674 904 1719 scenasque
945 1657 1142 1711 continet,
1181 1668 1222 1702 et
1260 1657 1305 1703 in
1343 1674 1428 1720 qua

78 1732 268 1778 docenda
297 1731 487 1777 diverbia
518 1742 558 1777 et
588 1731 761 1786 cantica,
794 1747 1024 1794 omnesque
1046 1731 1232 1776 actiones
1255 1732 1426 1777 tandem

79 1807 342 1853 conveniunt.
405 1806 443 1851 A
483 1805 640 1862 fabula,
680 1806 717 1851 si
754 1807 907 1851 artiore
944 1824 1070 1851 sensu
1110 1823 1189 1869 pro
1234 1807 1425 1852 dramate

79 1882 214 1939 dicas,
255 1881 336 1928 hoc
373 1892 665 1943 argumentum
703 1880 1045 1943 distinguendum
1083 1892 1156 1938 est,
1197 1892 1239 1927 et
1276 1881 1426 1927 distin-

77 1968 188 2002 ctum
218 1958 409 2002 videmus
442 1956 557 2020 apud
592 1956 679 2002 Cic.
710 1975 753 2020 p.
785 1956 905 2001 Cael.
939 1967 1008 2011 27.
1042 1958 1194 2003 Serere
1224 1956 1427 2014 fabulam,

77 2049 169 2077 cum
208 2031 422 2095 plerisque
460 2031 759 2093 interpretibus
801 2031 905 2077 mihi
948 2049 1112 2095 quoque
1154 2042 1220 2077 est
1258 2048 1429 2095 compo-

76 2124 174 2151 nere
206 2117 246 2151 ct
277 2118 519 2161 contexere;
555 2110 732 2151 sensum
758 2107 869 2152 enim
903 2107 1037 2163 illum,
1070 2124 1152 2170 quo
1186 2114 1323 2153 se'rere
1355 2123 1429 2152 va-

75 2180 135 2226 let
164 2180 264 2225 novi
295 2181 458 2245 aliquid
489 2180 692 2245 proferre,
725 2192 770 2228 ut
799 2183 914 2247 apud
945 2182 1056 2228 Hor.
1089 2183 1145 2228 ad
1174 2182 1269 2229 Pis.
1301 2182 1379 2238 46;

33 2255 37 2264 “
135 2286 137 2288 ·
193 2255 244 2300 In
274 2257 415 2301 verbis
454 2258 581 2302 etiam
620 2257 755 2302 tenuis
796 2268 1025 2320 cautusque
1062 2258 1263 2313 serendis,

78 2330 192 2392 quod
222 2346 422 2376 novare
455 2331 637 2395 explicat
666 2332 829 2389 Acron,
870 2332 937 2378 hic
967 2332 1149 2378 alienum
1180 2327 1269 2377 ess'e
1307 2342 1426 2395 puto,

78 2405 191 2467 quod
220 2406 284 2465 τῷ
313 2405 516 2468 primus
554 2406 642 2451 iam
677 2407 899 2465 indicatur,
939 2424 1029 2453 rem
1064 2422 1221 2452 novam
1260 2417 1425 2469 specta-

74 2480 234 2526 toribus
266 2479 531 2543 propositam
562 2498 670 2527 esse.

193 2555 351 2601 Utrum
382 2554 502 2600 initio
535 2556 651 2602 solus
685 2558 818 2619 egerit
847 2556 1129 2614 Andronicus,
1169 2574 1224 2602 an
1255 2556 1309 2602 ad
1340 2556 1426 2620 pri-

75 2645 189 2673 mam
218 2630 304 2677 iam
334 2630 527 2677 fab-ulam
557 2632 698 2678 socios
730 2633 966 2680 adhibuerit
996 2650 1084 2680 non
1119 2632 1296 2680 traditur
1336 2633 1427 2696 qui-
