1730 3015
732 140 816 206 ³65

57 309 60 311 ’
91 298 159 346 -nil
201 303 375 363 prorSus
413 281 591 359 probari
634 302 798 356 potest3
850 309 950 337 nam
987 292 1221 339 manducas
1260 293 1320 339 ibi
1362 312 1451 341 non

83 390 324 439 -personam
348 367 581 427 Atellanae
614 368 691 412 sed
724 367 1041 427 devoratorem,
1081 364 1304 431 galonem,
1342 381 1448 414 mat-

93 449 220 494 ticum
249 445 476 509 significat,
516 442 633 503 quod
670 442 784 487 idem
819 442 1069 488 adiectivum
1108 443 1353 488 mansucius
1394 444 1448 488 ab

91 523 243 569 eadem
284 518 424 567 radice
469 515 715 561 derivatum.
775 516 813 561 F
816 527 893 563 est.
926 516 968 562 h.
996 535 1037 562 v.
1097 518 1343 564 Manducus
1376 517 1448 563 de-

91 596 205 653 inde,
238 595 289 641 de
322 608 405 656 quo
436 589 586 637 Festus
618 588 829 653 loquitur,
872 590 1035 653 effigies
1074 602 1177 638 erat.
1208 592 1270 639 V.
1300 592 1446 638 Plaut.

91 669 205 717 Rud.
225 670 281 716 H.
311 668 352 725 6,
379 674 453 712 51.
510 664 659 728 Pappi
706 682 891 728 persona
939 665 984 710 in
1022 666 1231 713 Atellanis
1275 668 1446 713 adhibe-

90 745 233 801 batur,
264 754 369 788 teste
401 738 572 796 Nonio,
615 740 687 803 qui
716 739 1009 802 Pomponium
1046 752 1087 785 et
1125 739 1312 787 Novium
1353 743 1444 787 lau-

91 819 229 865 datin
249 817 440 879 Pappo
461 813 738 877 Agricola,
761 814 955 879 Pappo
977 815 1295 878 praeterito,
1317 816 1446 861 Her-

88 894 198 937 mia
227 891 437 953 Pappi,
467 889 620 951 quibus
651 888 834 935 fortasse
865 890 1021 935 addere
1046 888 1145 934 licet
1176 890 1449 952 Sponsam

88 965 281 1029 Pappi.
317 964 377 1011 V.
400 961 520 1010 Non.
544 982 583 1009 v.
606 963 824 1010 Assentio.
875 963 913 1010 F
915 964 1065 1011 abulas
1096 963 1192 1009 illas
1224 963 1448 1010 Atellanas

86 1058 182 1087 esse
205 1039 385 1085 dubitari
399 1039 557 1103 nequit,
581 1056 707 1103 quum
719 1039 988 1102 Pomponius
1007 1050 1049 1084 et
1065 1037 1232 1085 Novius
1253 1050 1447 1085 auctores

86 1115 254 1162 illarum
275 1115 476 1170 ferantur,
494 1125 536 1159 et
557 1125 662 1159 teste
676 1114 879 1160 Varrone
903 1131 1032 1160 senex
1052 1114 1096 1159 in
1110 1114 1321 1160 Atellanis
1338 1132 1445 1178 pap-

87 1208 166 1253 pus
196 1190 413 1235 diceretur.
465 1188 611 1233 Bucco
634 1189 867 1234 convicium
889 1189 1095 1234 rusticum
1115 1188 1244 1234 fuisse
1265 1190 1444 1246 videtur,

87 1264 327 1327 significans
351 1263 438 1308 sive
465 1262 679 1308 hominem
701 1279 727 1307 a
742 1263 891 1308 crebra
912 1262 1130 1308 inflatione
1151 1263 1316 1325 amplas
1346 1264 1445 1310 buc-

88 1339 407 1385 cashabentem
434 1346 488 1391 (v.
514 1337 670 1383 Gessn.
695 1336 844 1390 Thes.)
873 1337 960 1382 sive
988 1336 1181 1393 stultum,
1219 1338 1446 1401 stupidum,

87 1415 249 1461 fatuum
273 1412 432 1466 (Plaut.
454 1410 588 1458 Baeh.
609 1411 672 1457 V.
698 1423 734 1469 1,
757 1420 830 1465 2.).
862 1413 955 1459 -Sed
976 1423 1018 1458 et
1043 1429 1200 1457 nomen
1230 1413 1449 1475 proprium

90 1504 370 1552 personarum
419 1486 464 1532 in
504 1486 661 1532 sabuli-s
700 1497 814 1540 erat3
856 1485 1200 1543 laudaturbenim
1240 1504 1266 1532 a
1298 1485 1446 1533 Nonio

88 1562 264 1608 Bucco
312 1561 638 1625 Adoptatus,
693 1560 870 1607 Bucco
923 1560 1255 1606 Authoratus
1284 1567 1348 1618 ²),
1403 1572 1445 1607 et

87 1638 132 1684 in
167 1637 300 1683 lexico
343 1635 500 1681 Latino
564 1636 742 1692 Graeco}
791 1635 1014 1685 Buccones
1060 1646 1157 1680 sunt
1200 1635 1445 1699 παράσιτοι

89 1711 176 1766 (cfr.
208 1712 366 1757 Gessn.
399 1709 567 1763 Thes.).
608 1711 852 1757 Bucconem
882 1727 1113 1772 personam
1143 1710 1306 1756 Oscam
1338 1710 1442 1757 suis-

91 1803 148 1843 se,
196 1785 380 1831 sortasse
427 1785 599 1831 defendi
643 1796 783 1848 potest
824 1784 918 1830 loco
950 1784 1121 1847 Apuleii
1165 1784 1209 1829 in
1255 1785 1441 1849 Apolog.

80 1878 129 1923 p,
148 1868 248 1905 525.
280 1860 347 1905 ed.
379 1859 698 1914 Elmenhorstii,
741 1859 815 1904 ubi
845 1876 939 1903 eum
969 1859 1125 1904 Macco
1164 1859 1441 1920 coniungitur.

87 1935 284 1992 „Omnes
335 1934 420 1991 isti,
464 1951 569 1997 quos
611 1933 831 1979 nominavi
876 1932 1176 1989 (Palamedes,
1219 1932 1443 1996 Sisyphus,

87 2008 263 2055 fallaces
304 2021 345 2055 et
375 2008 655 2072 versipelles),
686 2019 728 2054 et
759 2008 793 2053 si
825 2007 898 2071 qui
918 2018 1137 2070 praeterea
1157 2007 1325 2054 fuerunt
1345 2007 1443 2053 dolo

88 2085 365 2139 memorandi,
399 2084 436 2129 si
466 2102 560 2130 cum
591 2082 671 2129 hac
701 2100 785 2128 una
814 2081 962 2128 Rufini
993 2082 1163 2128 fallacia
1185 2083 1444 2128 contendan-

87 2169 174 2215 tur,
223 2159 367 2205 Macci
406 2176 579 2223 prorsus
617 2170 659 2204 et
696 2158 917 2205 Buccones
959 2158 1247 2203 videbuntur.''
1304 2156 1442 2202 Dubi-

86 2233 291 2277 tationem
331 2245 372 2278 et
411 2234 490 2279 hoc
531 2233 820 2278 testimonium
860 2233 1061 2287 admittit,
1103 2243 1141 2276 et
1181 2248 1269 2275 non
1305 2231 1440 2285 viden,

89 2322 171 2368 quo
201 2305 290 2351 iure
321 2306 413 2353 ulla
451 2308 765 2353 nominatarum
803 2322 1079 2369 personarum
1116 2315 1283 2368 praeter
1316 2304 1440 2349 Mac-

185 2500 222 2548 ¹)
248 2502 442 2537 Incertum
464 2508 532 2545 est,
560 2512 611 2536 an
635 2499 731 2536 haec
764 2499 897 2536 eadem
929 2497 1059 2534 fabula
1089 2496 1204 2534 fuerit
1235 2507 1325 2534 cum
1356 2497 1443 2533 Au-

41 2561 44 2565 ’
86 2565 289 2606 ctorato,
322 2572 440 2611 quam
475 2559 624 2596 Nonius
653 2570 735 2596 non
770 2558 917 2596 adiecto
952 2556 1143 2594 Bucconis
1183 2555 1340 2593 nomine
1378 2554 1442 2592 bis

84 2618 227 2657 laudat.
392 2619 396 2622 ”

1138 2683 1161 2717 5
