1730 3015
734 147 813 212 63

102 306 241 355 stione
272 315 328 362 (v.
351 283 833 363 lib.11.‘de⁴Met1-is‚p.
864 304 1021 356 2527):
1051 301 1290 364 „superest
1325 303 1450 368 Saty-

97 383 229 429 ricum
261 389 411 443 (genus
442 375 556 420 tn‘m.
587 375 754 429 acatal.)
785 375 902 438 quod
930 376 1041 424 inter
1069 376 1278 438 tragicum
1306 389 1349 422 et
1381 397 1449 424 co-

97 459 251 505 micum
282 453 425 502 stilum
454 449 642 497 medium
673 461 753 496 est.
812 451 936 497 Haec
967 453 1081 515 apud
1109 452 1298 499 Graecos
1330 455 1452 500 metri

99 533 260 597 species
291 528 489 589 frequens
523 535 598 581 est,
630 525 707 571 sub
739 524 818 572 hac
849 527 1114 579 conditionis,
1138 527 1254 591 lege,
1285 540 1332 575 ut
1361 546 1452 575 non

98 608 247 655 heroes
279 613 351 648 aut
380 617 525 662 reges,
559 600 638 645 sed
670 600 848 663 Satyros
879 600 1069 658 inducat,
1102 603 1275 650 ludendi
1305 604 1450 652 iocan-

99 684 225 745 dique
268 693 415 732 causa,
458 691 555 738 quo·
583 675 833 739 spectatoris
872 675 1037 721 animus
1068 676 1176 722 inter
1206 679 1346 725 tristes
1379 697 1448 726 res

95 756 275 818 tragicas
309 752 558 813 Satyrorum
587 750 692 796 iocis
714 760 755 796 et
775 748 936 797 lusi-bus
968 748 1189 807 relaxetur,
1222 755 1334 814 quod
1356 754 1449 800 Ho-

56 830 226 882 „ratius
272 826 338 872 his
389 824 579 871 versibus
630 835 831 870 testaturt
898 823 1131 881 „Carmine
1173 827 1244 889 qui
1289 831 1449 890 tragico

94 915 172 950 cet.
177 908 205 928 “
225 929 283 935 ——
306 901 439 961 Quod
469 917 602 962 genus
632 900 769 947 nostri
802 899 847 946 in
877 899 1087 946 Atellanis
1105 900 1278 948 hahent
1332 903 1449 950 Gau-

92 978 195 1025 dent
212 987 350 1028 autem
367 974 587 1039 trisyllabo
608 975 716 1041 pede
744 985 786 1021 et
805 974 986 1021 maxime
1009 974 1236 1022 tribracho.
1260 988 1339 1025 cet.
1344 984 1447 1016 “—

89 1053 161 1101 De
196 1051 488 1099 Atellanarum
518 1062 654 1097 metro
693 1051 845 1097 iterum
885 1050 973 1113 agit
1002 1049 1077 1096 lib.
1110 1051 1189 1097 III.
1225 1071 1268 1116 p.
1300 1061 1446 1112 2574„

82 1139 258 1180 ¹tetram.
300 1126 428 1173 iamb.
472 1125 598 1171 catal.
637 1125 744 1188 ipsis
787 1126 990 1172 tribuens.
1034 1125 1128 1173 Cfr.
1168 1126 1363 1175 Plotium
1394 1130 1446 1177 de

94 1201 249 1249 Metris
280 1218 323 1264 p.
357 1199 487 1251 2646.
549 1199 671 1246 Haec
702 1209 843 1244 autem
872 1199 1115 1246 testimonia
1154 1202 1315 1248 nemini
1350 1222 1447 1268 per-

93 1277 346 1333 suadebunt,
378 1273 602 1320 Atellanas
634 1274 794 1318 similes
827 1274 959 1318 fuisse
992 1275 1199 1336 Satyricis
1230 1277 1447 1335 dramatis,

93 1350 278 1413 exceptis
309 1349 378 1406 iis,
398 1345 484 1411 'qui
515 1347 609 1393 solo
646 1345 874 1394 Diomedis
916 1346 1010 1394 loco
1040 1366 1131 1394 rem
1162 1349 1331 1398 abunde
1375 1352 1449 1399 de-

91 1435 385 1472 monstratam·
414 1422 614 1468 iudicant.
691 1422 966 1468 Inveniuntur
1015 1435 1129 1469 certe
1175 1424 1220 1470 in
1269 1437 1449 1490 utraque

69 1499 294 1557 [dramatis
327 1497 465 1562 specie
499 1495 708 1560 quaedam
746 1496 926 1554 similia,
968 1514 1076 1560 quae
1107 1509 1149 1543 et
1176 1498 1445 1559 Diomedem,

90 1592 208 1621 more
260 1572 633 1637 grammaticorum
681 1571 1111 1636 circumspicientem,
1164 1573 1230 1619 cui
1270 1576 1445 1639 potissi-

90 1667 204 1697 mum
233 1647 419 1713 poemati
451 1648 617 1694 Graeco
649 1645 873 1693 Atellanas
907 1659 1194 1710 compararet,
1236 1649 1281 1695 in
1323 1650 1445 1697 illam

91 1724 343 1774 sententiam
373 1723 640 1770 induxerunt.
699 1722 906 1768 Diomedi
935 1733 977 1768 et
1006 1723 1153 1769 Mario
1184 1724 1353 1771 tertium
1390 1726 1442 1772 il-

89 1799 163 1846 lud
194 1800 308 1863 quod
341 1799 484 1845 dicunt
515 1797 865 1861 comparationis,
897 1809 1144 1859 argumenta
1175 1810 1217 1844 et
1248 1799 1361 1846 dicta
1380 1801 1440 1846 io-

91 1874 248 1920 cularia
277 1873 471 1928 fuerunt;
504 1884 545 1920 et
573 1872 682 1918 hanc
719 1872 1035 1918 similitudinem
1075 1891 1213 1936 neque
1253 1892 1332 1936 ego
1368 1893 1442 1921 ne-

90 1949 273 2013 gandam
309 1959 439 2013 putu,
480 1947 745 2005 existimans,
792 1946 985 2011 Satyrica
1025 1947 1219 1995 dramata
1257 1949 1446 1998 iocorum

90 2042 241 2085 genere
272 2025 447 2088 propius
480 2024 533 2069 ad
563 2022 808 2079 Atellanas,
841 2040 969 2087 quam
1001 2024 1057 2068 ad
1087 2023 1251 2069 Mimos
1292 2037 1334 2071 et
1374 2044 1443 2072 co-

87 2100 299 2146 moediam
330 2098 576 2147 accessisse.
641 2099 840 2146 Ceterum
870 2098 946 2145 illa
978 2116 1084 2161 quae
1123 2099 1233 2147 inter
1273 2111 1441 2164 tragoe-

87 2174 202 2219 diam
232 2186 274 2220 et
304 2174 570 2220 comoediam
598 2173 737 2219 media
771 2185 912 2231 erant,
944 2174 1073 2219 etiam
1102 2175 1297 2221 castitate
1333 2176 1441 2223 hanc

87 2258 129 2293 et
158 2248 321 2295 Mimos
355 2267 580 2312 superasse
611 2249 716 2294 mihi
752 2249 969 2306 videntur,
1010 2248 1310 2313 Euripidisque
1354 2250 1439 2312 Cy·

86 2321 225 2385 ⁰¹0P⁵›
259 2339 365 2386 quae
395 2325 487 2372 sola
518 2343 569 2371 ex
597 2324 678 2371 hoc
708 2341 861 2388 genere
893 2334 1075 2375 aetatem
1110 2334 1300 2369 nostram
1330 2324 1439 2384 tulit,

89 2414 348 2460 quamquam
377 2400 667 2447 obscoenitate
708 2417 798 2446 non
836 2411 967 2455 caret,
1011 2411 1153 2444 tamen
1182 2410 1438 2462 temperatur

86 2469 256 2535 Ulyssis
264 2492 464 2538 persona,
481 2487 522 2522 et
534 2476 616 2540 ipsi
629 2475 771 2539 Satyri
781 2486 926 2539 gratae
937 2474 1079 2539 potins
1093 2473 1299 2538 voluptati
1309 2491 1438 2539 quam

83 2545 245 2596 libidini
275 2550 409 2597 dediti
438 2562 547 2597 sunt.
609 2551 724 2598 Huic
753 2546 1055 2614 temperantiae
1077 2548 1183 2596 hene
1203 2551 1438 2613 respondet

80 2618 227 2670 Italica
242 2627 429 2687 gravitas
439 2624 748 2673 Atellanarum.
780 2624 888 2673 Pari
899 2624 1028 2673 modo
1048 2623 1198 2672 deinde
1206 2624 1438 2675 Atellanae
