1730 3015
752 162 831 236 57

112 322 197 379 bet.
256 318 564 382 Suspicionem⁴
589 315 770 362 Latinae
806 315 973 378 linguae
990 331 992 333 ’
1010 316 1097 363 iam
1132 314 1324 362 iniiciunt
1362 332 1460 362 exo-

114 397 185 443 dia
214 395 290 442 illa
319 393 523 439 Romana
551 391 666 453 apud
693 390 885 446 Livium3
918 408 1086 438 omnem
1116 407 1218 438 vero
1250 389 1368 435 litem
1398 390 1459 435 di—

114 472 272 518 rimunt
300 469 542 530 fragmenta
572 464 879 523 Atellanarum,
920 484 1026 530 quae
1057 466 1214 524 omnia,
1259 475 1466 529 quotquot

114 544 215 600 vidi,
247 543 393 605 lingua
421 539 582 587 Latina
610 540 846 604 conscripta
885 550 994 586 sunt.
1057 540 1189 601 Quod
1230 558 1358 605 quum
1398 556 1465 585 ar-

115 628 359 680 gumentum
390 617 466 672 sit,
509 615 621 660 hanc
658 614 847 676 linguam
877 632 965 660 non
995 616 1185 661 exulasse
1215 617 1268 662 ab
1301 615 1465 662 Atella-

114 692 208 749 niS,
250 702 395 738 tamen
432 706 520 736 non
561 705 734 753 prorsus
778 688 962 736 excludit
1004 689 1195 744 Oscan1;
1238 691 1310 753 qui
1352 690 1467 737 enim

46 786 59 804 ε
117 782 262 812 versus
295 766 502 827 quosdam
533 782 584 809 ex
622 764 689 808 his
721 762 875 809 fabulis
906 764 1030 808 nobis
1062 764 1339 820 tradiderunt,
1379 764 1467 809 fere

117 838 381 904 grammatici
419 850 529 896 sunt,
573 837 644 901 qui
681 835 842 883 Latina
882 837 1012 882 modo
1053 837 1381 901 exscripserunt,
1422 848 1469 883 ut

39 948 43 951 -
117 914 292 960 alicuius
334 913 453 959 verbi
494 924 566 958 aut
601 912 925 959 constructionis
963 911 1148 957 Latinae
1191 928 1314 956 usum
1339 907 1493 956 *com-⁸

114 989 357 1053 probarent.
419 987 711 1036 Sedafferam
741 987 831 1044 tibi,
873 998 919 1034 ut
956 987 1048 1050 ipse
1086 986 1270 1033 iudicare
1311 987 1469 1051 possis,

98 1064 328 1127 ‘quaedam
355 1063 605 1125 fragmenta,
651 1079 756 1125 quae
788 1073 898 1107 certe
927 1062 972 1107 in
1012 1061 1223 1107 Atellanis
1265 1061 1469 1123 legeban-

116 1148 196 1183 tur.
259 1137 476 1184 Charisius
496 1137 530 1181 I.
562 1136 726 1197 p.'113.
758 1155 798 1181 v.
832 1136 971 1181 Testu
1009 1136 1156 1181 laudat
1186 1155 1236 1182 ex
1266 1136 1470 1182 Mummii

117 1210 397 1257 Atellana:
438 1209 617 1266 „Junius
649 1209 707 1254 ad
737 1211 978 1272 spectacula
1008 1221 1073 1255 est
1102 1210 1242 1255 videre
1272 1210 1318 1255 in
1346 1220 1470 1267 testu,

118 1297 320 1349 quantum
380 1284 436 1329 sit
487 1285 659 1346 caput.''
726 1282 797 1327 Ex
849 1283 1026 1328 Gallis
1080 1283 1471 1346 Transalpinis

117 1359 351 1423 Pomponii
393 1356 588 1405 Gellius:
626 1356 781 1414 „Mars
813 1357 889 1403 tibi
919 1356 1045 1403 foveo
1076 1356 1297 1416 facturum,
1330 1359 1368 1404 si
1396 1376 1472 1404 un-

120 1452 244 1498 quam
275 1433 462 1489 redierit,
492 1432 654 1478 bidenti
684 1434 840 1478 verre.”
900 1432 971 1478 Ex
1010 1434 1199 1478 eiusdem
1241 1434 1472 1490 „Atella-

119 1527 187 1556 na
232 1526 337 1572 quae
383 1507 603 1553 Maevia
646 1507 861 1553 scribitur’'
906 1506 1072 1553 Gellius
1112 1505 1170 1553 N.
1213 1508 1267 1553 A.
1299 1508 1353 1554 X.
1388 1519 1471 1560 24:

119 1585 257 1643 „Dies
288 1583 357 1629 hic
386 1593 541 1639 sextus,
582 1599 711 1645 quum
741 1581 846 1627 nihil
888 1582 979 1643 egi:
1019 1582 1084 1627 die
1125 1594 1271 1645 quarte
1312 1583 1473 1629 moriar

120 1659 269 1706 fames
327 1657 448 1704 Idem
487 1657 534 1702 in
574 1655 748 1713 „fabula
788 1655 1065 1713 Atellana,
1120 1674 1225 1719 quae
1267 1656 1473 1721 inscripta

122 1746 189 1781 est
216 1733 287 1779 Ae
301 1733 571 1788 ditumus,'’
603 1730 770 1794 scripsit
800 1741 907 1776 teste
941 1731 1083 1777 Gellio
1117 1729 1176 1777 N.
1198 1732 1253 1776 A.
1276 1732 1374 1778 XH.
1404 1743 1470 1778 10.

119 1808 243 1882 ‚,Qui
272 1818 498 1871 postquam
527 1805 604 1851 tibi
635 1821 822 1868 appareo
861 1816 986 1868 atque
1018 1806 1254 1851 aeditumor
1283 1806 1328 1851 in
1364 1817 1471 1852 tem-

122 1884 195 1949 plo
226 1886 332 1929 tuo.'’
397 1881 490 1929 Cfr.
524 1880 639 1928 Gell.
671 1877 730 1927 N.
753 1879 806 1926 A.
827 1879 993 1927 XVIII.
1016 1880 1058 1925 6.
1095 1880 1319 1927 Atellanos
1352 1899 1473 1945 prae-

124 1970 240 2005 terea
259 1977 313 2004 ne
334 1958 539 2004 Latinam
561 1956 729 2019 quidem
760 1955 949 2018 linguam
978 1955 1176 2018 religiose
1209 1956 1474 2014 observasse,

126 2033 201 2079 sed
234 2033 442 2083 Graecos
492 2048 658 2094 quoque
700 2047 847 2076 versus
887 2030 1042 2076 fabulis
1096 2030 1182 2076 suis
1234 2031 1474 2089 inseruisse,

126 2107 212 2153 vidi
242 2125 293 2153 ex
324 2107 517 2154 Suetonii
547 2106 641 2152 loco
680 2122 780 2150 mox
824 2106 1053 2150 afferendo.
1083 2132 1141 2171 ,-
1182 2106 1304 2152 Haec
1334 2107 1476 2151 omnia

126 2198 194 2225 me
226 2193 505 2239 commovent,
547 2192 594 2228 ut
624 2197 824 2242 magnam
867 2180 1018 2226 saltem
1048 2191 1212 2243 partem
1242 2181 1286 2226 in
1316 2181 1476 2227 Atella-

126 2253 192 2299 nis
220 2252 410 2316 linguam
437 2256 640 2302 Latinam
669 2266 918 2319 usurpatam
954 2271 1048 2300 esse
1090 2255 1361 2311 contendam,
1402 2273 1475 2301 ne-

129 2345 210 2392 que
241 2329 443 2387 dubitem,
477 2331 578 2395 quin
607 2341 856 2394 argumenta
884 2346 972 2375 non
1003 2329 1056 2375 ab
1090 2330 1219 2376 Oscis
1251 2329 1365 2387 solis,
1399 2331 1477 2377 sed

48 2406 53 2411 ’
127 2403 255 2450 etiam
287 2405 340 2450 ab
381 2407 474 2452 aliis
505 2406 650 2453 vicinis
680 2404 850 2469 populis
881 2415 923 2450 et
952 2404 1005 2450 ab
1036 2405 1141 2467 ipsis
1174 2405 1353 2467 antiquis
1385 2404 1477 2452 Ro-

127 2479 278 2535 manis,
310 2481 535 2544 praecipue
566 2479 744 2535 rusticis,
775 2479 908 2542 petita
938 2479 1036 2524 sint.
1096 2480 1162 2524 Ita
1202 2479 1331 2525 artius
1374 2497 1478 2528 con-

130 2551 355 2615 iunguntur
396 2574 492 2602 cum
521 2555 668 2619 priscis
701 2553 994 2600 Romanorum
1025 2552 1159 2611 ludis,
1196 2573 1289 2600 cum
1328 2556 1479 2617 quibus

131 2627 266 2687 magis
296 2628 536 2690 cohaerent,
569 2646 696 2693 quam
724 2628 854 2692 vulgo
885 2629 1141 2686 conceditur,
1182 2638 1225 2674 et
1259 2628 1320 2675 ita
1356 2647 1481 2696 prae-
