1730 3015
750 186 823 256 11

100 355 175 387 rae
220 340 403 404 pretium
449 349 516 387 est
552 338 633 386 hac
673 339 744 385 via
780 356 956 404 pergere
1007 350 1050 386 et
1079 338 1308 401 indagare,
1356 354 1465 402 quae

100 433 252 463 causae
309 428 507 463 externae
572 426 741 478 praeter
796 416 1011 479 utriusque
1060 414 1211 480 populi
1249 413 1467 477 ingenium

100 490 323 538 Romanos
367 490 686 553 impediverint,
744 491 969 554 quominus
1014 492 1070 537 ad
1115 502 1251 537 artem
1288 506 1465 552 progre-

103 567 322 623 derentur,
355 576 397 611 et
427 581 535 629 quae
567 564 760 610 Graecos
794 566 850 611 ad
880 582 1090 611 summum
1112 564 1372 612 claritudinis
1396 580 1464 610 ca·

102 661 251 689 cumen
280 640 575 705 perduxerint,
606 650 652 684 ut
683 657 734 685 ex
762 639 843 686 hac
874 641 1191 703 comparatione
1230 658 1332 687 vera
1363 657 1465 687 con-

102 718 204 764 ditio
237 717 436 764 ludorum
466 714 765 761 Romanorum
795 714 1094 780 conspiciatur.
1152 714 1365 762 Versibus
1398 716 1462 762 io-

103 794 191 839 cari
221 791 433 855 agricolae
464 791 595 855 prisci
625 790 670 836 in
702 790 886 837 Graecia
916 790 1146 836 maximam
1182 802 1348 853 partem
1391 791 1465 836 de-

68 868 252 927 sivisse
290 867 507 923 videntur,
551 883 680 929 quum
723 866 945 929 peregrina
982 882 1087 928 gens
1119 877 1276 911 terram
1313 867 1468 911 invasit

102 958 280 1004 eamque
333 943 565 1004 occupavit.
652 940 836 986 Veteres
889 952 979 986 tum
1017 934 1265 1004 plerumque
1300 940 1467 986 incolae

102 1016 299 1081 oppressi
329 1033 356 1062 a
386 1015 614 1062 victoribus
648 1031 798 1079 agrum
829 1015 966 1061 colere
997 1015 1259 1080 pergebant,
1293 1016 1370 1061 sed
1401 1015 1466 1061 in-

101 1091 278 1137 feriores
310 1103 688 1153 etnonnunquam
742 1108 962 1137 servorum
1005 1091 1101 1137 loco
1142 1091 1411 1136 habebantur
1441 1108 1468 1137 a

102 1166 308 1222 dominis,
341 1166 413 1228 qui
444 1177 489 1211 ut
520 1166 714 1211 subditos
746 1165 866 1230 ipsos
895 1166 955 1211 ita
988 1177 1031 1211 et
1060 1165 1366 1228 agriculturam
1390 1166 1464 1213 de-

104 1240 353 1304 spiciebant.
397 1240 487 1285 Csr.
530 1240 709 1286 Mauso.
740 1241 786 1286 in
816 1241 1017 1287 institutis
1050 1253 1092 1286 et
1120 1241 1299 1287 historia
1332 1242 1466 1305 Spar-

103 1327 325 1371 tanorum,
358 1326 400 1359 et
430 1314 631 1361 Mueller.
664 1315 695 1360 l.
718 1315 747 1360 l.
778 1315 972 1378 pluribus
1011 1315 1131 1361 locis.
1191 1315 1338 1379 Itaque
1378 1333 1468 1362 non

101 1408 225 1453 reges
249 1390 495 1448 Homerici,
530 1407 707 1453 quorum
729 1391 922 1453 potentia
953 1408 1031 1436 nec
1061 1390 1144 1436 late
1177 1392 1316 1453 patuis
1341 1408 1467 1437 senec

105 1466 211 1512 dura
242 1464 373 1512 fuisse
405 1465 591 1523 videtur,
625 1465 703 1511 sed
733 1482 882 1511 omnes
915 1483 966 1511 ex
998 1467 1215 1530 superiore
1237 1477 1361 1528 gente
1393 1483 1468 1530 op-

104 1542 348 1606 primebant
378 1541 538 1597 victos,
571 1552 614 1586 et
643 1541 749 1604 ipsis
782 1541 1048 1587 excutiebant
1085 1542 1273 1587 animum
1310 1553 1352 1587 et
1393 1559 1468 1588 vo-

105 1615 311 1680 luptatem
342 1615 597 1661 carminibus
640 1616 825 1662 ludendi.
886 1616 994 1678 Agri
1041 1615 1222 1662 cultores
1250 1634 1369 1662 ·vero
1417 1635 1470 1662 ex

104 1689 186 1736 hoc
216 1701 406 1753 tempore
448 1690 588 1734 nullos
632 1690 720 1735 dies
758 1690 892 1735 festos
934 1690 1192 1748 celebrasse,
1240 1702 1283 1736 et
1318 1692 1469 1738 carmi-

104 1783 207 1811 num
243 1782 414 1811 suorum
456 1765 630 1811 omnino
674 1764 831 1811 oblitos
875 1781 993 1822 esse,
1028 1766 1254 1828 quominus
1296 1767 1469 1813 credam

106 1841 250 1886 obstat
291 1840 410 1887 Accii
450 1840 756 1902 fragmentum,
790 1851 1003 1887 servatum
1034 1859 1060 1887 a
1100 1841 1329 1887 Macrobio
1373 1843 1467 1889 Sat.

106 1916 140 1961 Ι.
173 1926 216 1973 7,
248 1934 297 1961 cx
330 1932 412 1978 quo
444 1915 660 1972 videmus,
704 1916 749 1961 id
794 1916 909 1980 quod
940 1933 1068 1979 supra
1098 1916 1184 1961 iam
1213 1918 1382 1974 monui,
1423 1918 1468 1963 in

106 1990 214 2036 festo
240 1992 415 2038 Saturni
432 2008 682 2037 concessam
708 2008 802 2036 esse
823 1991 992 2037 famulis
1016 1992 1173 2036 avitam
1208 1992 1470 2037 libertatem:

167 2064 363 2111 Maxima
383 2083 484 2129 pars
509 2065 690 2112 Graium
712 2067 897 2113 Saturno
911 2102 923 2122 ‚
956 2077 998 2111 et
1018 2066 1200 2112 maxime
1222 2067 1429 2124 Athenae,

170 2139 411 2187 Conficiunt
432 2157 554 2186 sacra
567 2177 578 2197 ‚
612 2157 721 2203 quae
745 2141 905 2187 Cronia
926 2158 1018 2186 esse
1040 2142 1245 2186 iterantur
1266 2142 1319 2187 ab
1341 2141 1451 2196 illis;

169 2212 377 2278 Eumque·
409 2216 522 2263 diem
563 2216 802 2263 celebrant:
843 2234 921 2281 per
961 2233 1089 2279 agros
1130 2217 1342 2280 urbesque
1383 2216 1470 2263 sere

969 2309 1117 2337 omnes

168 2363 381 2410 Exercent
411 2367 546 2429 epulis
576 2366 697 2414 laeti:
727 2364 996 2431 famulosque
1028 2378 1256 2430 procurant

171 2439 366 2504 Quisque
386 2457 512 2487 suos:
535 2444 752 2506 nostrique
774 2443 940 2500 itidem,
971 2453 1012 2488 et
1039 2458 1132 2486 mos
1155 2441 1332 2487 traditus
1354 2440 1472 2487 illinc

169 2515 277 2573 Iste,
307 2526 354 2561 ut
384 2534 481 2562 cum
512 2517 696 2565 dominis
728 2518 880 2564 famuli
910 2517 1132 2581 epulentur
1161 2517 1333 2562 ibidem.
1413 2514 1414 2517 ¹

110 2590 277 2638 Mirum
308 2609 396 2638 non
426 2591 656 2650 videbitur,
688 2593 801 2641 hunc
830 2611 994 2639 morem
1031 2592 1148 2656 apud
1188 2592 1473 2639 Athenienses

110 2664 331 2726 floruisse,
379 2684 508 2731 quum
552 2666 676 2714 huius
722 2668 980 2733 reipublicae
1017 2667 1129 2716 cives
1169 2667 1398 2733 praecipua
1427 2668 1474 2715 in
