1730 3015
869 176 915 237 2

199 328 385 374 minibus
427 328 529 374 deos
567 326 777 373 laudandi
826 328 948 383 dicit,
992 329 1145 373 eodem
1187 328 1278 373 iure
1320 327 1373 373 de
1417 331 1568 376 ceteris

199 404 361 448 artibus
394 401 681 447 contenditur:
721 420 772 447 ex
805 420 888 464 quo
921 402 1048 446 deum
1080 420 1175 448 esse
1208 420 1419 447 summum
1448 403 1568 465 inge-

200 478 316 522 nium
348 476 543 521 homines
576 477 829 532 sentiebant,
870 476 1031 538 ingenii
1062 477 1262 539 operibus
1306 494 1403 522 eum
1439 495 1567 522 vene-

198 552 415 598 rabantur.

317 626 557 690 Praecipue
604 644 655 672 ex
701 626 877 671 deorum
923 625 1036 671 cultu
1061 625 1289 688 originem
1335 627 1450 673 ducit
1496 644 1565 672 ars

142 715 144 718 “
198 702 379 758 scenica,
414 713 454 747 et
484 701 588 746 haec
617 701 766 745 intimo
796 701 964 747 vinculo
994 720 1088 747 cum
1116 701 1320 763 religione
1343 703 1567 748 coniuncta

195 785 274 840 per
295 777 470 838 longum
493 792 705 821 annorum
726 776 925 838 spatium,
961 793 1090 839 quum
1121 788 1284 822 ceterae
1316 787 1427 822 artes
1443 793 1564 840 >pau-

196 852 319 896 latim
361 850 494 895 sontis
528 851 685 896 oblitae
717 868 853 896 novas
888 851 970 897 sibi
1014 863 1265 914 quaererent
1304 852 1589 903 exercitatio--

195 928 264 972 nis
298 927 406 982 vias,
446 924 585 971 fidelis
626 926 914 989 perseveravit
946 926 1153 971 festorum
1195 920 1345 971 cultrix
1388 927 1563 972 dierum.

198 1002 345 1062 Quam
378 1002 432 1046 oh
475 1017 649 1046 causam
683 1002 817 1046 etiam
857 1001 1093 1046 evidentius
1137 1001 1189 1046 (le
1227 1000 1307 1046 hac
1344 1019 1472 1064 quam
1512 1003 1565 1047 de

195 1077 345 1122 ceteris
377 1076 610 1120 monstrari
647 1092 776 1139 posse
809 1076 993 1133 confido,
1026 1093 1121 1121 eam
1157 1087 1327 1121 auctam
1357 1087 1399 1121 et
1425 1077 1563 1123 excul-

192 1149 283 1197 tar‘n
315 1168 412 1197 esse
446 1138 595 1197 eodem
628 1168 840 1208 successu,
881 1167 966 1214 quo
1005 1151 1154 1212 religio
1187 1151 1282 1215 ipsa
1321 1162 1362 1196 et
1400 1152 1562 1214 cogita-

192 1227 331 1272 tiones
366 1227 417 1271 de
459 1227 633 1272 numine
674 1226 838 1282 divino,
880 1225 1140 1288 amplificato
1179 1225 1402 1272 hominurn
1438 1226 1561 1272 intel-

192 1301 320 1358 lectu,
351 1303 658 1349 incrementum
702 1311 916 1363 caperent,
958 1311 1000 1345 et
1037 1300 1093 1346 ad
1134 1300 1329 1346 altiorem
1360 1300 1560 1347 tollerenss

193 1388 262 1422 tur
301 1376 495 1438 gradum.
566 1375 697 1420 Hunc
739 1385 880 1420 autem
927 1374 1069 1420 locum
1116 1375 1425 1436 gratissimum,
1478 1392 1561 1439 quo

192 1451 414 1506 evincitur,
448 1461 582 1496 artem
616 1450 828 1496 scenicam
858 1450 975 1514 apud
1006 1466 1094 1506 eos,
1128 1450 1205 1512 qui,
1234 1450 1317 1495 soli
1348 1454 1437 1496 eius
1460 1468 1559 1495 auc-

189 1537 307 1571 tores
341 1543 444 1571 vere
476 1525 701 1581 habentur,
735 1524 929 1570 Graecos
963 1525 1080 1580 dico,
1112 1541 1200 1569 non
1231 1535 1389 1578 temere
1422 1536 1561 1570 ortam

189 1613 231 1647 et
262 1612 429 1647 auctam
473 1616 581 1654 esse,
624 1600 701 1645 sed
742 1600 926 1646 crevisse
969 1600 1118 1645 eadem
1159 1600 1252 1662 lege
1295 1611 1337 1645 et
1378 1600 1558 1657 ratione,

191 1694 275 1740 qua
305 1693 446 1721 rerum
480 1675 720 1720 divinarum
749 1675 935 1736 cognitio
965 1686 1007 1720 et
1034 1674 1334 1739 philosophiae
1358 1675 1557 1732 studium,

189 1751 359 1797 silentio
417 1750 844 1813 praetermittendum
903 1767 1083 1807 censeo,
1133 1761 1280 1813 utpote
1332 1750 1403 1812 qui
1453 1749 1556 1795 situs

191 1827 245 1870 sit
284 1837 402 1871 extra
447 1824 711 1887 provinciam
752 1842 906 1869 meam.
968 1826 1040 1870 De
1083 1823 1297 1869 Romanis
1336 1824 1450 1869 idem
1489 1824 1557 1869 vix

192 1900 273 1945 dici
329 1910 492 1961 potest,
553 1916 682 1958 quum
740 1898 851 1944 hanc
910 1910 1045 1944 artem
1101 1915 1189 1943 non
1238 1910 1431 1943 crearent
1476 1898 1556 1944 sibi

190 1993 242 2021 ex
274 1973 405 2019 animi
437 1972 502 2018 sui
532 1984 699 2030 natura,
742 1973 816 2018 sed
851 1973 1079 2036 perfectam
1111 1990 1137 2019 a
1170 1973 1350 2019 Graecis
1393 1974 1554 2038 accipe-

187 2061 294 2096 rent.
358 2049 508 2093 Prima
541 2049 710 2110 quidem
741 2049 860 2094 initia
891 2050 1111 2106 dramatis,
1153 2050 1296 2111 quoad
1327 2050 1378 2094 de
1409 2050 1458 2095 iis
1490 2050 1554 2118 iq-

188 2126 331 2171 dicare
363 2140 606 2187 possumus,
638 2124 754 2187 apud
791 2134 1016 2187 utrumque
1047 2124 1255 2187 populum
1285 2123 1371 2169 fere
1402 2125 1555 2170 eadem

189 2212 261 2246 aut
304 2199 458 2244 saltem
498 2198 653 2243 similia
693 2210 812 2252 sunt3
864 2215 972 2261 quos
1022 2200 1135 2244 enim
1176 2200 1291 2262 apud
1328 2198 1554 2245 Romanos

187 2275 428 2321 invenimus
469 2273 595 2319 ludos
637 2273 941 2335 agricolarum,
984 2274 1154 2319 eosdem
1196 2274 1402 2320 Graeciae
1443 2273 1551 2317 anti-v

188 2366 296 2413 quos
328 2347 493 2393 incolas
526 2345 571 2393 in
601 2347 764 2394 Bacchi
804 2348 1013 2394 honorem
1050 2348 1281 2395 instituisse
1319 2363 1398 2412 pro'
1439 2358 1552 2392 certo

188 2423 393 2470 affirmari
417 2434 579 2486 potest3
613 2435 779 2469 atvero
803 2425 917 2487 quod
943 2435 1044 2487 post
1074 2424 1171 2470 illas
1213 2440 1348 2485 nugas
1382 2422 1551 2479 Graeci,

188 2499 359 2561 genium
401 2515 522 2543 suum
561 2510 807 2561 sequentes,
839 2500 1155 2563 appetiverunt,
1186 2511 1234 2545 ut
1267 2498 1324 2543 ad
1355 2496 1552 2543 eximiam

189 2584 322 2617 artem
353 2573 726 2635 progrederentur,
758 2573 872 2619 idem
897 2572 1110 2631 Romanis
1140 2589 1229 2617 non
1261 2571 1447 2632 contigit,
1481 2571 1552 2633 qui

187 2646 310 2691 rudia
338 2647 458 2692 initia
487 2664 640 2709 parum
668 2649 800 2694 modo
831 2648 1052 2694 immutata
1076 2647 1207 2694 etiam
1229 2657 1317 2692 tum
1336 2645 1550 2702 tenebant,
