1730 3015
810 233 883 270 1v

165 389 262 436 qua
299 374 544 421 bellicosus
575 373 782 435 populus
823 380 976 419 artem
1004 375 1237 420 scenicam
1268 389 1301 419 a
1334 371 1527 421 Gmecis

168 470 372 530 accepit,
414 475 748 532 acceptamque
787 469 1016 525 excoluit,
1052 468 1306 529 plurimum
1329 467 1530 530 faciant

169 564 239 610 ad
264 563 436 627 ingenii
458 563 783 611 Romanorum
816 580 967 609 veram
994 562 1242 624 imaginem
1271 562 1529 624 exprimen—

170 659 293 705 dam.
362 660 664 721 Quapropter
706 659 829 706 hanc
870 674 1048 723 quoque
1089 657 1383 720 antiquitatis
1421 674 1529 720 per-

172 754 522 817 vestigationem
567 753 645 802 diu
691 755 952 818 neglectam
996 760 1158 802 nostra
1203 759 1364 807 aetate
1408 753 1529 811 satis

165 865 352 911 gravem
384 849 473 894 oiri
494 848 625 894 docti
645 848 922 905 habuerunt,
956 849 1164 911 vitasque
1194 855 1397 894 veterum
1416 864 1529 910 poe-

170 949 347 999 tarum,
389 945 471 1008 qui
490 945 638 1006 primi
660 945 845 990 Romae
865 944 1074 1007 subulas
1111 943 1374 1000 docuerint,
1417 943 1530 990 scri—

171 1037 294 1094 bere,
335 1055 495 1084 eorum
515 1040 794 1102 fragmenta
824 1038 972 1084 denuo
1006 1038 1234 1099 colligere,
1272 1053 1361 1099 quo
1394 1038 1530 1102 diffe-

168 1138 277 1176 rant
310 1118 495 1194 singula
514 1132 802 1195 fabularum
836 1147 1006 1192 genera
1025 1149 1027 1152 ·
1045 1132 1300 1192 explicare,
1340 1133 1453 1193 quid
1482 1133 1531 1205 iu

169 1228 419 1288 tragoediis
459 1235 507 1273 et
549 1227 798 1274 comoediis
841 1227 1166 1287 componendis
1197 1227 1408 1286 Romani
1440 1244 1531 1273 sua

164 1321 313 1368 ⁴Musa
343 1322 600 1386 ffcerint,
643 1338 874 1384 exponere
914 1329 1174 1383 coeperunt.
1235 1322 1315 1368 De
1356 1300 1547 1385 origine*

171 1423 328 1462 autem
374 1418 588 1464 ludorum
632 1417 921 1463 scenicorum
964 1432 1116 1473 nemo,
1164 1417 1292 1480 quod
1325 1418 1530 1480 equidem

168 1511 339 1567 sciam,
378 1529 436 1557 ne
475 1513 742 1558 testimonia
772 1512 958 1574 quidem
996 1519 1199 1557 veterum
1237 1513 1392 1557 omnia
1423 1528 1528 1568 con-

167 1605 323 1665 gessit.
382 1607 560 1663 Plures,
597 1607 680 1669 qui
703 1607 799 1651 sive
827 1606 876 1650 in
912 1605 1287 1651 annotationibus
1320 1607 1388 1651 ad
1403 1613 1528 1665 veta.-

168 1714 274 1744 rum
304 1700 586 1761 scriptorum
616 1701 855 1756 editiones,
888 1699 983 1744 sive
1012 1699 1062 1745 in
1091 1699 1439 1762 quaestionibus
1459 1699 1529 1746 de

163 1793 492 1840 'Romanorum
525 1796 681 1856 poetis
722 1796 789 1839 ad
825 1795 945 1840 hune
988 1795 1139 1842 locum
1184 1794 1526 1856 deferebantur,

169 1905 228 1934 ne
267 1889 315 1935 in
355 1890 486 1936 rebus
534 1890 786 1936 subsecivis
834 1896 971 1935 extra
1009 1889 1295 1950 provinciam
1339 1890 1533 1951 evagari

172 1984 444 2041 viderentur,
483 1985 603 2031 satis
640 1984 876 2031 habebant
915 1983 1136 2031 laudasse
1176 2001 1297 2047 quae
1338 1985 1398 2037 ab
1428 1984 1526 2033 Hoe-

168 2079 288 2126 ratio
322 2079 456 2141 (Epp.
469 2083 537 2127 II.
555 2088 608 2135 1.)
640 2088 687 2127 et
710 2081 840 2127 Livio
874 2080 1072 2135 (VILQ.)
1106 2079 1163 2125 de
1193 2080 1365 2141 priscis
1407 2080 1525 2127 ludis

167 2174 396 2221 Romanis
429 2175 606 2220 tradita
637 2176 862 2237 leguntur.
919 2176 1076 2237 Quum
1108 2190 1208 2219 vero
1239 2174 1359 2219 hanc
1387 2191 1525 2236 quaes-

167 2270 363 2315 stionem
400 2270 541 2316 latius
577 2277 744 2332 patere
785 2270 1052 2326 iudiearem,
1089 2286 1229 2333 quam
1268 2276 1321 2315 ut
1354 2271 1525 2332 paucis

166 2365 354 2410 absolvi
366 2372 553 2425 posset,
597 2372 645 2412 et
673 2366 823 2414 multa
852 2382 974 2428 quae
1003 2364 1135 2426 apud
1163 2371 1331 2412 veteres
1364 2373 1524 2426 aucto-

166 2477 236 2506 res
270 2460 328 2505 de
359 2461 574 2506 ludorum
604 2461 892 2507 scenicorum
921 2460 1097 2524 origine
1121 2459 1306 2521 passim
1333 2454 1526 2505 narran-

160 2562 256 2612 tur,
297 2556 506 2601 collectis
548 2557 729 2603 demum
770 2557 978 2602 omnibus
1023 2554 1295 2602 testimoniis
1335 2553 1533 2618 intelligi

160 2663 308 2708 posse
341 2650 549 2708 viderem,
565 2651 817 2716 facturum
847 2668 920 2699 me
950 2666 1118 2714 opem
1139 2648 1339 2712 pretium
1365 2649 1525 2697 existi-
