1730 3015
911 123 995 188 62

267 278 507 325 strionum“
536 277 654 324 illam
699 274 859 324 Naevii
913 276 1158 340 Togatam-c
1179 275 1347 340 egisse,
1377 291 1448 322 res
1494 285 1639 324 tamen

264 353 461 419 profecto
492 352 682 398 inaudita
706 366 810 398 esse·
840 352 1048 410 debebat,
1079 370 1208 417 quum
1238 362 1384 398 auctor
1413 351 1508 416 ipse
1529 351 1638 398 iudi-

264 441 357 486 cet,
397 427 588 475 fabulam
630 424 789 474 Naevii
829 427 928 474 inde
974 437 1131 475 nomen
1160 421 1375 475 insolitum
1405 426 1637 492 accepisse.

264 504 491 566 Utcunque
531 513 617 559 est,
663 519 763 548 usus
810 503 847 549 is
890 515 1002 550 certe
1033 520 1123 550 non
1160 502 1259 560 fuit,
1299 514 1346 549 ut
1384 502 1497 549 cives
1540 501 1635 547 Ro-

262 578 381 624 mani
411 579 456 624 in
487 577 665 641 reliquis
696 578 851 625 fabulis
882 579 1127 643 prodirent„
1148 590 1376 642 antequam
1398 577 1538 624 honos
1560 594 1634 641 pe-

261 653 390 699 risset
430 665 472 699 et
513 654 709 711 castitas,
739 665 786 699 ut
814 654 874 699 ait
896 653 1048 700 Cicero
1071 655 1127 700 ad
1146 653 1267 699 Fam.
1287 652 1393 699 Vll.
1421 665 1458 698 1.
1517 652 1635 700 Con·

260 739 328 774 tra
358 718 661 774 nonnullorum
692 728 937 792 opinionem
967 740 1009 774 et
1038 729 1145 775 illud
1164 728 1421 774 monendum
1451 726 1633 785 videtur,

261 819 351 851 non
401 819 693 866 quemcunque
740 802 989 847 Romanum
1040 813 1086 848 ut
1128 803 1325 867 voluptas
1377 801 1542 848 ferebat
1590 801 1635 848 in

259 877 471 925 Atellanis
501 878 725 940 prodisse,
758 877 834 922 sed
858 877 1107 922 exercitatos
1135 877 1192 922 ad
1220 878 1265 922 id
1295 878 1439 940 ipsum
1461 876 1633 923 histrio-

258 970 360 1008 nes;
396 952 511 1012 quod
543 969 672 1014 quum
703 970 753 997 ex
784 949 899 996 Livii
928 949 1026 996 loco
1047 951 1145 1003 ‚iam
1176 951 1381 997 coniicere
1399 952 1632 1015 possimus,

255 1026 533 1076 manifestum
564 1025 612 1071 fit
652 1024 792 1071 verbis
827 1024 1035 1083 Suetonii,
1072 1025 1120 1072 in
1152 1023 1257 1073 Ner.
1292 1034 1364 1082 39.

375 1101 617 1163 Postquam
649 1100 868 1163 hucusque
912 1100 1002 1147 fere
1050 1102 1195 1148 omnia
1242 1101 1388 1157 attuli,
1431 1118 1539 1165 quae
1580 1120 1631 1149 ex

255 1176 471 1225 veteribus
502 1175 744 1238 auctoribus
778 1175 831 1221 de
862 1186 1016 1222 natura
1054 1174 1352 1235 Atellanarum
1395 1176 1485 1223 erui
1524 1184 1629 1241 'pos-

259 1263 380 1307 sunt,
412 1252 625 1321 reliquum
663 1262 751 1306 est,
783 1261 830 1296 ut
860 1252 917 1295 ad
948 1252 1204 1296 sententiam
1237 1252 1519 1314 quorumdam
1559 1270 1625 1298 re·-

257 1327 511 1382 centiorum,
555 1324 628 1388 qui
668 1323 747 1369 has
787 1323 956 1370 fabulas
1000 1324 1199 1389 aequales
1247 1336 1289 1371 et
1327 1325 1488 1371 similes
1529 1342 1626 1372 esse

256 1403 455 1447 dixerunt
495 1399 698 1444 Dramati
747 1399 1014 1445 Graecorum
1066 1400 1283 1462 Satyrico,
1326 1400 1474 1463 paucis
1528 1400 1625 1446 illu-

258 1475 480 1521 strandam
513 1474 737 1530 accedam,
770 1490 905 1536 eoque
934 1474 1226 1538 propensiore⁴
1246 1474 1387 1520 animo
1418 1492 1487 1520 me
1516 1474 1627 1525 hanc

255 1550 551 1614 quaestionem
581 1558 808 1595 retractare
839 1548 1003 1608 fateor,
1050 1565 1140 1612 quos
1175 1549 1312 1612 magis
1354 1566 1482 1613 spero
1517 1549 1623 1609 fore,

252 1637 322 1682 ut,
354 1625 672 1690 comparatione
704 1623 898 1670 instituta
928 1635 971 1671 et
1002 1624 1257 1688 quibusdam
1299 1625 1479 1683 additis,
1513 1643 1622 1689 quae

253 1718 384 1764 supra
415 1700 653 1746 omittenda
682 1699 947 1756 videbantur,
979 1700 1200 1764 propriam
1229 1699 1524 1755 Atellanarum
1551 1718 1622 1747 ra·

249 1777 413 1822 tionem
447 1776 600 1823 certius
643 1775 967 1839 perspiciamus,
1037 1774 1194 1821 Judicii
1232 1775 1297 1820 sui
1335 1791 1484 1821 omnes
1523 1792 1622 1823 auc·-

253 1862 391 1896 torem
423 1850 597 1895 laudant
626 1850 904 1906 Diomedem,
947 1849 977 1894 l.
1012 1867 1048 1895 c.
1093 1849 1368 1895 scribentem:
1428 1850 1620 1906 „Atella-

253 1942 337 1972 nae
369 1952 427 1961 -
459 1924 719 1986 argumentis
754 1924 959 1987 dictisque
990 1923 1263 1980 iocularibuS,
1294 1923 1453 1971 similes
1493 1925 1619 1989 Saty-

252 1999 355 2045 ricis
387 1998 546 2044 sabulis
579 1999 804 2044 Graecis.“
872 1998 1055 2043 Praeter
1090 1998 1203 2044 hunc
1239 1998 1379 2044 locum
1416 1999 1544 2045 etiam
1573 2001 1619 2046 in

249 2075 454 2121 auxilium
485 2091 637 2119 vocare
668 2085 867 2136 poterant
895 2073 1161 2120 Athenaeum
1183 2073 1280 2128 (VI.
1298 2092 1334 2120 c.
1355 2086 1426 2132 17,
1448 2094 1490 2139 p.
1514 2075 1616 2122 566.

249 2150 318 2196 ed.
344 2147 605 2212 Schweigb.)
637 2148 721 2212 qui,
754 2166 804 2194 ex
835 2146 1020 2196 Nicolao
1050 2148 1395 2214 historiographo
1427 2151 1616 2209 tradens,

250 2224 423 2272 Sullam
454 2224 685 2268 maximam
716 2223 979 2287 voluptatem
1010 2224 1175 2287 cepisse
1206 2242 1256 2269 ex
1278 2225 1428 2271 Mimis
1450 2237 1493 2271 et
1513 2242 1614 2272 san-

245 2300 469 2357 nionibus,
502 2298 645 2345 addit:
678 2301 973 2364 ἐμφανιζουσι
1003 2296 1043 2346 δ’
1074 2297 1217 2347 αὐτου
1250 2297 1301 2347 ro*
1330 2302 1436 2365 περὶ
1465 2300 1614 2348 ταῦια

246 2373 420 2441 ἱλαρόν
449 2379 506 2422 αἱ
530 2372 599 2421 ὑπ
632 2373 778 2421 αὐτοῦ
816 2381 1064 2440 γραφεῖσαι
1100 2377 1342 2440 σατυρικαὶ
1376 2378 1615 2436 κωμῳδίαι

246 2450 308 2515 ’τῇ
349 2454 528 2516 πατρίῳ
572 2468 727 2516 (poam),
778 2450 853 2496 ubi
893 2450 944 2496 de
977 2450 1188 2497 Atellanis
1230 2467 1473 2496 sermonem
1504 2467 1614 2508 esse,

243 2536 356 2572 recte
402 2527 713 2572 adnotaverunt
762 2524 1029 2588 interpretes.
1099 2526 1298 2590 Denique
1349 2536 1393 2571 et
1442 2525 1630 2572 Marius

246 2599 502 2648 Victorinus
551 2600 733 2648 sortasse
778 2611 1041 2648 momentum
1093 2599 1223 2648 habet
1258 2600 1305 2648 in
1327 2639 1329 2641 .
1349 2598 1433 2648 hac
1478 2617 1615 2666 quae·
