1730 3015
734 150 809 216 61

96 326 171 357 eas
201 307 390 356 Romani
419 301 619 371 proprios
650 301 775 349 ludos
807 321 834 350 a
862 303 1091 351 maioribus
1113 304 1295 351 traditos
1310 306 1446 355 hahe-

95 386 219 443 bant,
251 384 366 448 quod
392 383 449 427 —de
481 378 629 424 ceteris
661 379 863 424 dramatis
893 380 1107 427 Romanis
1139 381 1224 427 dici
1254 397 1342 427 non
1369 400 1449 445 po-

81 450 190 509 test.
219 507 230 517 ,
252 454 452 520 Exceptis
483 452 776 499 Atellanarum
808 454 1019 502 actoribus
1051 455 1450 504 omneshistriones

95 540 315 599 tantopere
347 522 705 593 despiciebantur,
735 539 781 574 ut
809 528 930 575 liberi
953 529 1147 577 Romani
1186 549 1239 578 ne
1270 549 1450 578 consue·-

96 611 283 656 tudinem
316 605 487 668 quidem
517 621 611 649 cum
642 602 727 648 illis
761 603 851 649 sine
884 604 1049 650 macula
1077 605 1234 652 habere
1271 619 1449 670 possent

96 679 368 738 (Macrobsh
386 686 454 734 c.),
486 677 645 723 etcum
664 676 759 722 istis
793 678 838 723 in
861 677 1046 740 Togatis
1077 680 1271 741 prodisse
1302 683 1448 728 creda-

95 757 222 803 mus?
246 752 513 814 Peregrinos
546 751 659 797 enim
688 750 919 797 histriones
952 763 994 797 et
1025 751 1221 813 Togatas
1252 766 1294 799 et
1313 754 1449 802 Prae-

95 840 273 876 textatas
297 827 432 889 egisse
449 838 609 872 certum
629 836 703 871 est.
727 826 946 871 Ciceronis
969 826 1139 889 quidem
1154 838 1291 873 aetate
1317 841 1451 877 artem

94 903 230 967 pluris
274 901 497 947 aestimare
527 900 626 946 illos
659 900 896 946 didicerant
925 899 1128 957 Romani,
1168 902 1246 947 sed
1277 913 1319 948 et
1348 914 1451 961 tum,

94 995 222 1041 quum
254 975 513 1021 summorum
544 975 729 1020 virorum
759 975 945 1021 amicitia
980 973 1202 1022 Roscium*
1227 976 1454 1025 honestum

93 1052 229 1097 virum
260 1051 526 1106 reddiderat,
567 1049 789 1096 universus
838 1061 980 1095 tamen
1030 1051 1138 1096 ordo
1190 1054 1453 1117 contemptui

93 1136 199 1182 erat,
229 1135 276 1171 ut
307 1125 452 1170 orator
481 1123 691 1169 Roscium
720 1123 831 1169 inter
860 1123 1052 1169 ludiones
1075 1126 1260 1189 spectari
1281 1128 1450 1190 saepius

94 1210 390 1263 conqueratur.
422 1197 482 1243 V.
506 1198 590 1244 Or.
610 1214 690 1261 pro
710 1198 845 1244 Rosc.
866 1198 964 1243 Am.
993 1210 1036 1244 et
1062 1200 1236 1260 Quinct.
1256 1201 1450 1264 pluribus

96 1275 218 1321 locis.
281 1274 457 1334 Quanto
499 1272 697 1318 dedecori
732 1272 884 1317 eodem
922 1283 1113 1336 tempore
1153 1274 1346 1321 habitum
1385 1277 1452 1334 sit,

96 1348 133 1393 si
165 1348 256 1410 quis
286 1358 454 1410 praeter
484 1345 708 1391 Atellanas
739 1346 930 1391 fabulam
961 1359 1128 1408 ageret,
1169 1349 1293 1395 docet
1333 1368 1453 1413 egre-

97 1422 154 1485 gii
200 1420 376 1467 Laberii
421 1420 650 1484 prologus,
695 1420 741 1467 in
779 1437 870 1484 quo
919 1420 1111 1468 dolorem
1153 1423 1205 1469 de
1248 1424 1453 1487 dignitate

95 1497 259 1561 perdita
289 1497 621 1560 promit,-·quum
650 1512 677 1540 a
710 1496 896 1541 Caesare
928 1508 1181 1567 provocatus
1214 1510 1447 1560 cogeretur,

95 1570 261 1632 ut-ipse
293 1571 478 1616 Mimum
510 1587 629 1615 suum
661 1581 817 1632 ageret.
880 1569 1074 1619 Macrob.
1103 1572 1194 1618 Sat.
1215 1572 1271 1618 Π.
1305 1584 1344 1629 3,
1376 1574 1450 1619 cfr.

95 1643 199 1690 VH.
222 1655 268 1689 3..
292 1651 343 1698 ¹).
402 1644 551 1690 Livius
589 1655 633 1690 et
670 1643 874 1691 Valerius
912 1644 1091 1708 denique
1122 1646 1279 1709 apertis
1312 1648 1450 1695 verbis

98 1719 362 1776 confirmant,
394 1720 565 1765 iuvenes
586 1718 821 1764 'Romanos
853 1718 968 1764 solas
1000 1720 1221 1765 Atellanas
1255 1722 1336 1767 sibi
1358 1723 1446 1768 vin-

99 1793 275 1850 dicasse,
308 1805 475 1840 ceteras.
496 1791 664 1850 fabulas
703 1792 925 1855 reliquisse
966 1794 1198 1856 peregrinis
1238 1794 1451 1842 histrioni-

97 1867 199 1924 hus,
231 1880 274 1913 et
303 1867 420 1913 solas
453 1867 692 1912 Attellanas
724 1878 827 1912 nota
858 1885 1009 1912 vacuas
1042 1885 1157 1925 esse,
1198 1870 1451 1935 illarumque

98 1950 261 1987 actores
292 1959 457 2005 „neque
485 1958 510 1987 a
541 1942 653 1987 tribu
682 1942 841 1987 moveri
870 1959 1006 2006 neque
1040 1958 1065 1987 a
1095 1943 1346 1991 militaribus
1379 1946 1452 1992 sti-·

96 2018 264 2078 pendiis
296 2017 491 2080 repelli.“
550 2015 663 2062 Viro
694 2016 849 2062 illustri
878 2016 1061 2063 fortasse
1090 2018 1136 2063 in
1166 2031 1353 2066 mentem
1386 2040 1454 2067 ve-

97 2102 217 2137 ner-at
245 2091 365 2137 locus
396 2091 533 2148 Festi,
564 2109 605 2135 v.
635 2090 898 2149 Personata,
930 2108 1060 2157 supra
1089 2092 1258 2149 allatus,
1288 2113 1339 2141 ex
1370 2112 1452 2160 quo

97 2183 245 2216 revera
274 2168 516 2223 Atellanos,
549 2167 661 2212 cives
683 2167 824 2229 itaque
846 2167 1084 2224 Romanos,
1122 2172 1334 2230 quondam
1359 2172 1451 2215 To-

100 2249 218 2300 gatas
250 2241 387 2301 egisse
420 2240 667 2287 concludere
698 2257 942 2304 possumus.
1002 2242 1063 2288 At
1095 2261 1145 2288 ex
1172 2244 1312 2289 verbis
1332 2244 1453 2290 Festi

97 2314 367 2377 perspicuum
384 2328 461 2374 est,
483 2334 579 2362 eum
593 2315 675 2362 hoc
690 2333 777 2361 non
792 2334 872 2381 pro
893 2329 1005 2363 certo
1023 2330 1203 2364 statuere
1225 2318 1357 2374 velle;
1377 2321 1453 2365 sed

97 2404 326 2451 ponamus,
358 2391 529 2437 iuvenes
562 2389 787 2437 Romanos
829 2391 1003 2455 „inopia
1032 2393 1352 2456 peregrinorum
1389 2393 1451 2440 hi-

197 2578 234 2627 1)
259 2566 445 2631 Receptus
471 2590 527 2620 est
551 2586 768 2631 praeclarus
802 2584 869 2621 ille
892 2587 1084 2636 >prologus
1124 2586 1239 2623 etiam
1272 2587 1316 2624 in
1348 2587 1450 2628 Hist-

99 2634 203 2674 Poes.
228 2640 338 2677 Mim.
368 2642 472 2691 Lips.
500 2646 605 2683 1787.
671 2654 677 2660 ·
