1730 3015
896 121 977 187 58

258 274 425 339 cipue,
453 275 568 340 quod
605 292 703 345 vere
721 272 989 323 ‘Romanum
1029 288 1144 335 erat,
1194 276 1363 323 servare
1399 272 1617 341 poterant,
1643 304 1645 306 -

254 350 406 408 „nulla
443 362 532 397 arte
575 351 742 398 Graeca
779 351 1032 416 pollutum.”
1099 353 1409 416 Argumentum
1445 350 1629 396 Roma-¹

256 442 362 476 num
399 437 628 471 tractantes
671 427 848 490 propius
897 427 1155 473 accedebant
1196 427 1251 473 ad
1295 424 1612 471 'tabernariam

255 498 496 559 Atellanae,
540 501 619 546 sed
648 500 721 559 ita,
760 513 805 548 ut
841 502 979 565 magis
1018 502 1325 567 incompositae
1365 511 1530 555 essent,
1573 510 1621 546 et·

254 573 451 637 antiquos
492 576 757 640 rusticosque
798 594 939 623 mores
981 578 1201 635 referrent,
1245 587 1286 623 et
1322 592 1411 633 non
1446 574 1613 621 recede-

253 659 350 694 rent
379 649 434 695 ab
467 650 621 697 Italica
652 654 890 709 severitate,
929 671 1023 699 cum
1055 671 1138 716 qua
1168 651 1477 716 simplicitatem
1510 665 1613 712 quo-

256 740 338 786 que
382 725 541 771 diutius
582 728 766 774 tenuisse
806 728 1022 784 videntur,
1064 744 1190 791 quam
1227 737 1388 773 ceterae
1428 723 1612 779 fabulae,

257 814 366 861 quae
397 798 563 846 luxuria
593 812 831 864 temporum
862 813 1083 865 corruptae
1124 802 1387 865 voluptatem
1417 800 1470 845 ab
1502 798 1614 845 auri-

254 872 335 918 bus
366 875 423 919 ad
455 875 601 920 oculos
632 877 906 921 revocabant.
967 876 1091 921 Haec
1129 886 1196 921 est
1236 874 1447 922 sententia
1476 872 1631 919 Vale--

254 948 309 994 rii
339 949 521 1014 Maximi
551 950 580 994 l.
603 969 638 997 c.
670 951 865 1014 idemque
896 950 1030 997 voluit
1064 950 1289 1007 Donatus,
1330 967 1460 1012 quum
1500 949 1613 994 sales

255 1033 297 1068 et
326 1023 444 1090 iocos
475 1024 769 1070 Atellanarum
809 1042 895 1071 non
936 1025 1093 1072 habere
1137 1025 1305 1081 diceret,
1346 1024 1458 1081 „nisi
1494 1034 1614 1069 vetu-

187 1140 197 1148 ,,
254 1108 366 1143 stam
396 1098 688 1161 elegantiam,''
728 1100 907 1164 denique
943 1101 1124 1146 sortasse
1154 1100 1199 1145 in
1230 1099 1409 1145 eundem
1442 1115 1615 1145 sensum

252 1170 403 1218 harum
434 1173 675 1220 fabularum
707 1186 873 1221 actores
906 1173 1209 1241 ἀρχαιολόγοι
1240 1174 1498 1220 dicebantur.
1550 1182 1552 1184 '

374 1248 602 1295 Atellanae
645 1267 814 1313 semper
851 1263 896 1296 ut
934 1252 1022 1296 veri
1058 1250 1249 1306 Romani
1295 1248 1384 1294 ludi
1422 1266 1612 1294 secerne-

255 1322 411 1369 bantur
441 1324 495 1369 ab
530 1324 739 1380 omnibus,
785 1325 856 1387 qui
895 1325 1064 1371 Gracco
1103 1342 1221 1370 more
1262 1323 1441 1369 instituti
1478 1334 1612 1380 erant,

255 1398 399 1461 itaque
431 1398 560 1444 etiam
591 1415 617 1444 a
650 1399 834 1462 Togatis
866 1411 907 1445 et
940 1400 1236 1456 Tabernariis,
1282 1415 1389 1462 quae
1420 1398 1465 1443 in
1496 1415 1612 1443 com-

255 1473 450 1538 parando
481 1492 576 1520 curn
607 1474 692 1520 illis
724 1491 857 1537 aeque
891 1476 1082 1521 Graecae
1115 1475 1198 1521 dici
1217 1484 1415 1538 poterant
1436 1491 1485 1518 ac
1505 1472 1612 1518 Pal-

254 1547 407 1603 liatae3
451 1547 526 1594 cfr.
568 1548 745 1594 Petron.
776 1558 847 1607 53,
880 1561 921 1596 et
961 1551 1054 1596 Cic.
1093 1550 1150 1595 ad
1179 1549 1304 1594 Fam.
1336 1547 1414 1593 XI.
1448 1559 1485 1603 1,
1526 1564 1611 1611 quo
1649 1571 1651 1573 >

254 1622 366 1681 loco,
396 1624 608 1670 mentione
640 1624 755 1671 sacta
788 1625 1050 1672 Graecorum
1081 1624 1290 1680 ludorum,
1332 1624 1475 1671 Oscos
1514 1618 1628 1669 dicit'
1660 1661 1662 1663 .

257 1715 336 1744 suo
369 1699 635 1763 tempore-in
671 1711 820 1746 senatu
849 1699 1052 1746 Romano
1084 1699 1265 1765 spectari
1294 1715 1436 1763 posse.
1497 1696 1628 1744 Prae

257 1774 407 1820 ceteris
451 1774 592 1837 itaque
631 1775 858 1821 Atellanae
910 1774 1482 1839 qaodcunque-Romanum
1522 1783 1613 1817 erat

241 1848 303 1911 *in
331 1866 453 1894 usum
485 1867 606 1896 suum
646 1850 904 1896 convertisse
941 1850 1154 1905 videntur,
1195 1865 1313 1894 more
1353 1846 1632 1902 theatrorum·v

259 1934 517 1980 nostrorum,
551 1942 657 1986 quae
688 1926 734 1971 in
762 1925 918 1970 fabulis
965 1924 1082 1969 urbis
1128 1924 1219 1969 eius
1250 1923 1295 1968 in
1333 1939 1416 1984 qua
1458 1922 1612 1968 ‹locen-

259 2008 343 2045 tur,
376 2015 515 2044 mores
554 1998 696 2045 iocose
735 1998 1092 2055 describentibus,
1144 2011 1251 2062 quas
1294 1995 1420 2060 vulgo
1458 1996 1630 2044 Loca]-

258 2090 421 2137 possen
452 2073 613 2130 dicunt,
656 2073 768 2119 sales
805 2074 925 2119 tritos
958 2074 1235 2136 omnibusque
1265 2084 1389 2118 notos
1420 2072 1641 2130 fundunt,.

261 2160 305 2194 et
325 2149 516 2194 carmina
531 2148 565 2194 si
589 2164 697 2214 quae
730 2158 832 2193 sunt·
857 2148 1061 2210 vulgaria,
1093 2159 1165 2193 aut
1186 2165 1330 2193 recens
1363 2148 1630 2211 composita,'

260 2222 505 2285 vulgaribus
537 2223 677 2269 modis
715 2223 920 2279 canenda,
962 2222 1153 2268 inserunt
1176 2227 1230 2275 1).
1293 2221 1404 2269 Cum
1440 2222 1613 2268 notione

260 2297 557 2345 Atellanarum
592 2298 701 2344 haec
739 2297 849 2345 bene
888 2298 1162 2356 conveniunt,
1200 2308 1241 2344 et
1274 2298 1321 2344 ni
1356 2315 1616 2361 magnopere

261 2372 415 2431 fallor,
459 2374 713 2421 Suetonium
753 2373 861 2419 adeo
898 2383 1048 2419 testem
1087 2373 1260 2420 laudare
1296 2373 1417 2431 licet,
1460 2372 1533 2435 qui
1569 2372 1615 2417 in

366 2552 402 2598 ¹)
428 2554 511 2590 Hoc
543 2552 718 2589 Berolini
753 2551 958 2603 praecipue
988 2551 1030 2589 fit
1053 2552 1097 2590 in
1119 2553 1280 2599 theatro,
1312 2552 1417 2603 quod
1454 2550 1548 2590 iacet
1574 2551 1617 2592 in

269 2609 427 2659 antiqua
451 2611 558 2649 urbis
584 2619 704 2660 parte.
1622 2606 1625 2611 ⁸
