1730 3015
858 140 950 207 34?
1049 184 1056 205 .

218 292 386 363 poralia
417 308 539 345 erant
567 295 674 343 haec
712 296 919 354 carmina,
958 296 1036 344 sed
1066 307 1294 361 antequam
1336 305 1586 344 canerentur

220 375 474 438 conscripta,
507 383 548 418 et
577 372 881 434 aparentibus
913 383 1067 436 postea
1107 372 1204 420 filiis
1233 371 1402 420 tradita·
1431 390 1583 436 peren-

219 460 374 495 narunt
415 465 549 510 usque
600 447 657 492 ad
698 446 915 509 Varronis
955 459 998 493 et
1037 446 1211 493 Horatii
1251 457 1454 503 aetatem,
1498 464 1584 510 qua

219 523 420 586 extabant
464 521 695 577 nonnulla,
743 536 852 584 quae
898 518 1048 568 Numa
1090 531 1294 584 regnante
1340 522 1585 584 composita

218 614 312 643 esse
327 595 598 650 ‚ferebantun
660 596 815 642 Horat.
837 596 954 662 Epp.
975 597 1031 644 II.
1058 609 1096 655 1‚·
1118 597 1187 655 86,
1218 595 1365 643 Varro
1385 595 1437 642 de
1453 594 1508 641 L.
1524 593 1585 641 L.

216 671 301 718 VI.
332 672 422 719 init.
456 672 644 719 Cautum
675 672 892 720 Saliorum
924 672 1097 718 saltatio
1128 672 1422 728 comitabatur,
1451 687 1586 733 quam

217 763 307 792 non
339 747 564 794 decursum
594 764 672 811 per
700 747 863 805 urbem,
895 746 972 793 sed
987 747 1124 795 verbis
1150 746 1382 795 carminum
1413 761 1584 793 accom-

216 823 446 867 modatam
493 834 536 868 et
581 822 819 878 mimicam,
867 821 1134 884 similemque
1178 822 1311 868 fuisse
1353 831 1458 885 puto
1503 819 1581 876 illi,

217 912 325 960 quae
370 896 415 942 in
460 896 633 944 Doricis
680 895 921 942 civitatibus
969 895 1050 941 diis
1098 896 1409 942 instituebatur.
1487 893 1584 941 cfr.

216 970 419 1017 Mueller.
441 971 558 1015 Hist.
580 970 657 1013 111.
689 987 735 1032 p.
757 979 857 1024 341,
879 984 976 1031 sqq.
1035 968 1107 1014 Ex
1137 969 1323 1015 Arcadia
1353 969 1465 1015 hane
1495 967 1581 1014 sal-

215 1044 419 1090 tationem
462 1044 639 1107 petitam
681 1060 776 1089 esse
815 1043 987 1089 tradunt
1025 1042 1196 1100 Festus,
1239 1062 1290 1089 ex
1325 1043 1581 1098 Polemone,

169 1165 180 1175 J
216 1128 269 1173 (s.
303 1137 343 1163 v.
378 1118 501 1171 Salii)
545 1129 587 1164 et
616 1118 809 1164 Isidorus
840 1117 886 1162 in
919 1117 1046 1180 Orig.
1078 1117 1245 1163 XXIII.
1278 1123 1350 1175 50,
1383 1117 1458 1181 qui
1486 1136 1584 1164 rem

213 1194 320 1240 satis
358 1193 535 1239 ridicule
575 1203 746 1246 narrat3
786 1209 837 1237 ex
881 1191 1160 1238 Samothrace
1189 1192 1378 1237 Romam
1407 1193 1581 1237 venisse

212 1278 395 1314 testatur
437 1265 657 1313 Critolaus
700 1265 817 1331 apud
853 1264 1033 1313 Festum
1063 1266 1092 1313 l.
1124 1265 1154 1313 l.
1198 1267 1315 1331 quod
1353 1277 1577 1331 utrumque
1652 1289 1653 1292 ¹
1728 1251 1730 1272 ³

215 1343 272 1389 ad
319 1343 565 1406 opinionem
611 1358 752 1387 meam
799 1341 1071 1404 probandam
1116 1359 1204 1388 non
1247 1359 1400 1406 parum
1442 1342 1576 1388 affert.

216 1416 425 1463 Carmina
466 1416 653 1463 Saliaria
693 1415 821 1478 igitur
856 1432 944 1462 non
987 1416 1078 1463 sine
1118 1417 1233 1463 omni
1271 1429 1360 1464 arte
1403 1434 1574 1481 compo-

212 1493 293 1537 sita
323 1491 454 1537 fuisse
485 1492 692 1548 videntur,
732 1502 774 1536 et
802 1491 1047 1538 testimonia
1088 1502 1187 1537 sunt
1225 1492 1393 1554 priscae
1429 1492 1583 1556 poesis·

210 1567 325 1629 apud
356 1565 604 1620 Romanos;
648 1565 725 1611 sed
761 1566 1188 1612 tamendocumento
1220 1583 1314 1613 esse
1345 1579 1572 1631 nequeunt,

208 1652 343 1687 artem
383 1640 594 1702 poeticam
632 1658 711 1703 per
748 1632 971 1703 sequentia
1009 1641 1066 1686 ad
1101 1642 1397 1687 Andronicum
1437 1659 1574 1706 usque

209 1714 381 1761 saecula
412 1714 624 1772 floruisse,
657 1732 788 1778 quum
820 1714 963 1777 qualia
993 1713 1140 1762 Numa
1169 1734 1282 1778 rege,
1314 1716 1353 1763 si
1382 1716 1466 1763 hoc
1495 1734 1571 1763 no·

205 1791 319 1835 mine
357 1789 595 1835 accuratius
641 1789 836 1835 definitur
876 1790 1097 1853 antiquum
1138 1801 1330 1854 tempuS,
1381 1791 1572 1839 confecta

206 1876 349 1921 erant,
390 1865 704 1927 permanserint
736 1864 825 1910 sine
854 1863 944 1909 ulla
973 1865 1220 1921 mutatione,
1257 1865 1318 1910 ita
1348 1876 1395 1910 ut
1423 1866 1567 1929 Augu-

206 1939 263 1984 sti
293 1949 483 2000 tempore
522 1954 784 2000 magnopere
825 1949 1030 1983 vexarent
1055 1938 1331 2001 interpretum
1360 1940 1566 1999 laborem,

205 2023 249 2058 et
290 2012 359 2057 vix
402 2012 692 2057 sacerdotibus
739 2011 869 2057 Saliis
916 2011 1021 2074 ipsis
1067 2012 1173 2057 satis
1211 2012 1590 2076 intelligerentuu.

201 2086 356 2149 religio
401 2085 479 2131 illa
524 2085 679 2131 mutari
723 2085 906 2143 vetabat,
953 2096 997 2133 et
1039 2088 1325 2144 „consecratis
1363 2090 1564 2137 utendum

200 2165 315 2208 erat”
345 2160 407 2207 V.
443 2159 624 2220 Quintil.
654 2160 756 2204 Inst.
778 2160 812 2204 Ι.
835 2161 876 2216 6,
898 2170 970 2211 40.
1037 2156 1041 2160 '

317 2235 436 2282 Inter
471 2234 587 2281 bella
622 2245 764 2281 autem
794 2246 895 2299 post
924 2232 1116 2284 Numam
1153 2239 1306 2303 poesin
1349 2256 1437 2286 non
1468 2245 1560 2286 om·-

197 2311 298 2357 nino
349 2311 590 2374 neglectam
639 2326 731 2355 esse
783 2310 837 2355 ab
887 2310 1125 2370 Romanis,
1179 2324 1359 2360 testatur
1403 2314 1568 2362 Cicero·v

196 2385 241 2432 in
271 2384 314 2430 T
318 2403 402 2433 use.
437 2385 621 2446 Quaest.
643 2383 727 2432 IV.
751 2391 819 2442 2‚:
849 2386 1169 2443 „Gravissimus
1201 2401 1349 2436 auctor
1377 2391 1423 2436 in
1453 2389 1563 2436 Ori·

194 2461 364 2521 ginibus
398 2460 503 2506 dixit
536 2461 661 2517 Cat0,
701 2477 866 2508 morem
889 2463 1011 2526 'apud
1040 2464 1224 2511 maiores
1262 2463 1375 2510 hunc
1396 2463 1557 2526 :epula-

191 2553 287 2580 rum
330 2534 485 2591 fuisse,
531 2546 577 2581 ut
621 2535 819 2598 deinceps
850 2536 937 2598 qui
973 2538 1229 2592 accubat-ent
1250 2548 1464 2584 -canerent
1498 2539 1557 2584 ad

189 2609 339 2657 tibiam
386 2608 599 2667 clarorum
622 2609 828 2659 'virorum
852 2610 1023 2659 *laudes
1063 2624 1193 2676 atque
1230 2613 1422 2674 virtutes·
1479 2613 1556 2659 Ex
