1730 3015
720 185 799 249 83

78 342 344 390 mgnfionemss
366 352 454 381 non
483 335 605 391 facit,
645 336 759 398 quod
789 337 852 384 de·
876 336 968 382 sola
998 337 1222 383 comoedia
1252 338 1429 396 disserit,

80 414 391 475 nominatisque
423 409 614 455 Graecae
645 410 886 456 comoediae
918 412 1160 457 auctoribus
1190 412 1247 457 ad
1265 409 1428 459 Roma—

80 502 176 549 n'os,
209 503 387 552 quorum
406 485 590 548 primum
611 484 897 533 Andronicum
927 487 1187 532 comoediam
1210 487 1431 551 scripsisse

81 568 152 622 ait,
185 562 368 615 delatus,-
395 559 636 622 tragoediae
667 558 805 604 locum
825 560 925 606 dare
955 577 1042 606 non
1072 572 1252 624 poterat.
1314 563 1431 610 Vide

10 652 12 654 ·
79 649 270 702 praetera
298 650 406 698 quae
437 633 630 696 Langius
659 632 705 678 in
733 632 871 679 Vind.
894 634 1028 695 Trag.
1048 634 1178 682 Rom.
1200 655 1244 700 p.
1266 648 1308 694 ιι,
1332 645 1430 686 not.

82 712 200 758 5.-1in
228 708 348 755 illam
379 707 632 753 sententiam
661 717 816 752 monet.

196 815 379 870 Poetam
408 834 602 869 nostrum
631 823 871 869 comoedias
904 834 945 869 et
974 825 1213 886 tragoedias
1236 827 1429 876 docuisse

80 909 341 962 compertum
371 897 575 943 hahemus
607 915 629 943 e
660 897 826 942 disertis
866 908 1052 943 veterum
1091 898 1342 945 testimoniis
1387 915 1430 948 et

75 992 101 1038 e
130 972 314 1017 laudatis
344 971 585 1018 fabularum
627 972 773 1017 titulis.
855 971 1094 1017 Maximam
1135 984 1303 1036 partem
1339 976 1428 1023 eius

78 1046 271 1091 dramata
301 1046 541 1109 tragoediae
570 1045 699 1092 fuisse
729 1046 940 1101 videntur,
981 1057 1023 1091 et
1062 1047 1236 1108 quidem
1278 1065 1427 1096 omnes

75 1121 309 1183 argumenti
340 1120 513 1175 Graeci3
560 1116 738 1166 citantur
782 1120 895 1166 enim
942 1137 967 1165 a
1008 1123 1293 1182 grammaticis
1329 1124 1425 1171 Te-

73 1210 219 1257 reus,
250 1194 525 1257 Antiopa,
557 1195 927 1251 Andromeda,
959 1194 1270 1253 Hermione,
1297 1197 1422 1243 Pro-

73 1269 324 1326 tesilaus,
357 1270 517 1325 Aiax,
558 1268 826 1325 Achilles,
868 1268 1093 1326 Helena,
1136 1271 1422 1333 Aegistus,

73 1343 297 1400 Adonis,
340 1342 644 1398 Laodamia,
686 1342 745 1385 Io
788 1353 829 1387 et
865 1342 972 1386 Ino.
1032 1342 1072 1387 E
1114 1346 1425 1392 comoedialum

73 1434 247 1480 numero
280 1416 577 1462 Glad1olus
609 1428 650 1462 et
676 1417 847 1478 Virgo
882 1416 1078 1478 Togatae
1101 1436 1194 1464 esse
1215 1432 1425 1481 poterant,

76 1492 153 1538 sed
183 1490 348 1537 ostendi
379 1491 536 1554 nequit,
567 1501 608 1536 et
636 1489 740 1535 mihi
771 1490 897 1535 etiam
917 1489 994 1536 hae
1018 1491 1247 1538 translatae
1269 1494 1423 1540 viden-

21 1593 27 1606 ⁴
73 1577 153 1621 tur.
235 1558 557 1611 Gladiolum
614 1581 639 1609 a
682 1564 813 1609 Festo
870 1583 910 1609 v
953 1564 1141 1611 Pedibus
1202 1567 1419 1613 laudatam

74 1652 184 1688 certe
216 1640 427 1686 Graecam
458 1640 659 1695 dicerem,
692 1641 729 1683 si
759 1650 990 1696 constaret,
1037 1646 1205 1686 versum
1243 1659 1294 1686 ex
1317 1642 1419 1689 Eu-

72 1715 247 1762 nucho
281 1714 473 1761 Terentii
504 1713 606 1759 satis
638 1724 825 1770 notum,a

190 1827 308 1876 Nam
338 1840 379 1875 et
408 1829 528 1893 lepus
559 1839 644 1874 tute
676 1845 742 1885 eS‚
774 1839 815 1874 et
845 1828 1162 1891 pulpamentum
1194 1831 1372 1893 quaeris,

75 1924 200 1969 quem
234 1905 356 1951 Flav.
388 1904 608 1967 Vopiscus
643 1922 679 1949 c.
714 1915 831 1949 13.·e
863 1902 977 1949 Livii
1018 1904 1236 1950 comoedia
1277 1905 1416 1963 affert,

70 1980 168 2027 huic
199 1979 456 2027 Gladiolo
489 1978 814 2024 adscribendum
846 1995 954 2023 esse.
1015 1978 1084 2023 De
1116 1977 1362 2041 Virginis
1394 1997 1421 2026 a

70 2054 202 2102 Festo
256 2075 296 2100 v.
343 2054 546 2101 Nobilem
604 2054 755 2099 citatae
822 2052 991 2098 Graeco
1047 2052 1277 2116 exemplari
1342 2053 1417 2100 cfr.

72 2129 238 2176 Fabric.
269 2130 386 2176 Bibl.
419 2131 520 2176 Ger.
567 2129 697 2175 Tom.
729 2128 785 2174 II.
816 2146 859 2192 p.
893 2137 993 2180 422.
1055 2128 1144 2174 Sed
1174 2130 1417 2187 notandum,

73 2203 196 2249 codd.
248 2204 367 2250 Festi
415 2216 580 2268 praeter
648 2203 838 2261 „Livius
891 2203 935 2247 in
982 2202 1226 2263 Virgine,“
1285 2204 1413 2248 etiam

72 2278 287 2344 praebere,
319 2278 392 2334 „in
421 2279 593 2342 Virgo“
623 2289 664 2324 et
693 2279 766 2335 „in
797 2277 982 2339 Virgil.“
1041 2277 1156 2321 Inter
1176 2278 1413 2323 comoedias

72 2352 184 2399 Livii
213 2352 351 2398 refero'
378 2354 647 2399 Serenum
677 2353 789 2398 cuius
834 2351 1090 2397 mentionem
1131 2349 1233 2395 facit
1275 2350 1414 2397 Prisc.

71 2427 239 2493 Vle.
259 2430 360 2483 739.
422 2427 627 2473 Osannus
659 2426 841 2482 dubitat,
886 2442 986 2470 num
1015 2434 1126 2469 recte
1166 2440 1212 2471 se
1256 2425 1413 2470 babeat

73 2502 154 2550 hoc
183 2520 338 2549 nomen
368 2512 409 2547 et
440 2494 677 2564 suspicatur
706 2500 975 2546 librariorum
1005 2498 1106 2543 vitio
1138 2498 1415 2561 depravatum

73 2595 123 2623 ex
155 2579 303 2626 Sirene
349 2576 415 2623 vel
462 2576 703 2638 Sirenibus,
750 2575 864 2639 quod
908 2574 952 2619 in
989 2571 1223 2635 fragmento
1254 2590 1304 2618 ex
1334 2572 1415 2621 hac

72 2649 217 2697 fabula
259 2654 373 2717 apud
412 2651 682 2699 Priscianum
722 2651 850 2698 citato
892 2649 944 2695 de
989 2647 1147 2711 Ulysse
1176 2664 1314 2694 sermo
1345 2649 1415 2696 sit.
