1730 3015
819 212 901 274 25

184 375 255 419 73.
286 366 393 411 inter
422 366 525 411 alia
539 364 675 419 dona,
707 380 814 426 qnae
844 363 1070 425 Daphnidi
1100 363 1328 473 quotannis
1369 376 1539 424 paratu-

183 457 275 486 rum
306 458 351 487 se
382 440 461 496 ait,
491 436 807 502 promittentem
847 436 967 484 facit.

300 514 550 562 Cantabunt
578 510 685 557 mihi
713 511 951 558 Damoetas
981 522 1024 557 et
1053 511 1226 575 Lyctius
1259 513 1467 575 Aegon;

302 589 521 637 Saltantes
554 587 743 649 Satyros
763 586 996 636 imitabitur
1033 586 1360 649 Alphesiboeus,

183 682 270 711 non
299 663 439 710 ininus
476 661 701 708 Romanos
743 676 870 724 quam
912 660 1106 710 Graecos
1147 674 1337 725 pastores
1378 664 1538 711 descri-

182 740 267 796 bit,
298 756 458 801 eosque
488 737 614 782 ludos
646 735 948 799 ipsis-tribuit,
982 753 1089 798 quos
1122 735 1234 800 apud
1264 737 1361 782 illos
1392 739 1436 784 in
1457 756 1538 785 usu

180 814 312 859 fuisse
353 822 589 875 acceperat.
656 810 723 856 In.
749 809 932 856 Graecia
971 809 1052 856 bae
1082 810 1336 856 imitationes
1376 830 1462 858 non
1492 815 1539 859 in

181 887 292 933 ludis
323 886 605 949 agricolarum
633 885 795 943 solum,
827 885 906 932 sed
935 885 1064 931 etiam
1094 885 1138 930 in
1177 886 1387 948 mysteriis
1418 887 1538 933 insti-

180 961 432 1018 tuebantur,
459 960 532 1007 ubi
562 961 828 1023 augustiores
858 971 902 1005 et
926 959 1180 1006 hominibus·
1208 960 1412 1023 'ingenuis
1450 961 1541 1024 ple-

182 1031 358 1099 rumque
389 1035 601 1099 digniores
639 1046 890 1100 apparent,
910 1052 990 1082 nec
1029 1046 1276 1082 coercentur
1303 1036 1358 1082 in
1394 1036 1541 1083 habitu

183 1120 225 1155 et
269 1109 387 1156 vultu
427 1110 601 1156 alicuius
644 1110 909 1166 simulando,
964 1110 1041 1156 sed
1084 1111 1325 1156 continuum
1375 1111 1536 1157 factum

183 1183 314 1230 oculis
347 1184 592 1231 subiiciunt:
622 1185 668 1231 in
696 1184 992 1231 Romanorum
1021 1184 1136 1230 ludis
1165 1184 1312 1248 quales
1334 1186 1389 1232 ab
1415 1186 1536 1233 initio

183 1269 304 1303 erant
332 1259 617 1322 permansisse
647 1259 862 1316 videntur,
893 1271 935 1304 et
978 1259 1180 1321 mysteria
1219 1258 1421 1306 Romana
1457 1278 1536 1325 pa-

183 1351 277 1379 rum
315 1333 508 1379 attulisse
546 1333 604 1378 ad
633 1350 708 1379 eas
735 1333 993 1380 excolendas
1014 1343 1139 1395 pute,
1171 1350 1427 1397 quamquam
1455 1335 1539 1381 hoc

185 1407 356 1469 quidem
385 1408 533 1470 negari
570 1424 658 1453 non
695 1419 862 1470 potest,
903 1407 949 1452 in
997 1407 1214 1453 nonnullis
1254 1407 1433 1454 cultibus
1469 1426 1539 1455 'se-

176 1492 322 1527 cretas
360 1482 574 1529 doctrinas
612 1482 813 1539 extitisse,
845 1492 887 1528 et
923 1481 1086 1529 occulta
1126 1482 1333 1528 saera‘ab
1365 1482 1539 1530 initiatis

182 1554 353 1602 Romae
383 1556 504 1603 facta.
526 1574 635 1603 esse.
666 1556 854 1604 Difficile
885 1574 988 1603 sane
1019 1568 1085 1603 est
1113 1557 1159 1602 iu
1188 1556 1268 1602 bac
1290 1557 1538 1620 quaestione

186 1630 239 1677 de
287 1629 580 1678 Romanorum
627 1632 835 1696 mysteriis
886 1650 937 1678 ex
988 1632 1299 1678 narrationibus
1324 1654 1326 1657 ·
1351 1634 1538 1681 veterum

185 1716 401 1751 auctorum
432 1724 479 1752 ea
511 1707 688 1768 eligere,
721 1725 828 1771 quae
860 1708 913 1752 ad
942 1707 1167 1752 Romanos
1188 1707 1306 1752 solos
1328 1719 1535 1771 spectant,

185 1787 228 1826 et
258 1797 477 1828 secernere
508 1793 666 1838 cetera,
710 1797 816 1844 quae
858 1781 1046 1844 generali
1081 1781 1378 1844 mysteriorum
1420 1782 1535 1830 sacta

188 1856 425 1913 mentione,
458 1857 610 1902 certius
642 1856 698 1902 ad
719 1856 897 1902 'Graeca
924 1856 1115 1902 instituta
1132 1853 1410 1913 ³referuntur3
1453 1858 1532 1904 sed

187 1931 287 1993 quia
317 1947 464 1977 omnes
495 1931 617 1978 huius
649 1932 750 1978 nodi
780 1949 910 1978 nexus
950 1931 1113 1977 solvere
1148 1946 1289 1977 meum
1327 1949 1416 1977 non
1457 1943 1533 1990 est,

185 2005 358 2051 tentabo
388 2003 525 2070 pauca
554 2006 734 2066 referre,
767 2024 873 2071 quae
912 2006 959 2052 in
997 2006 1077 2053 hac
1113 2006 1406 2053 dissertatione
1447 2024 1535 2054 me-

185 2078 265 2124 rito
296 2093 577 2145 expectentur.

290 2155 636 2219 Antiquissimus
666 2157 711 2203 in
740 2157 863 2203 Italia
892 2167 981 2203 erat
1001 2155 1135 2202 cultus
1158 2156 1344 2203 Saturni.
1394 2157 1431 2203 F
1434 2157 1534 2203 abu—

189 2226 268 2283 lae,
308 2246 416 2291 quae
459 2232 527 2277 dev
552 2231 711 2294 origine
750 2232 873 2279 huius
905 2231 1127 2294 religionis
1170 2232 1388 2277 traduntur
1423 2233 1536 2294 apud

187 2301 456 2349 Macrobium
468 2305 560 2351 Sat.
571 2305 606 2351 s.
619 2316 661 2364 7,
677 2320 729 2353 ex
742 2306 922 2354 Graecia
937 2324 1034 2353 eum
1053 2306 1300 2353 translatum
1325 2322 1424 2352 esse·
1435 2317 1533 2352 ante

188 2394 357 2423 omnem
388 2394 534 2424 veram
564 2381 787 2427 historiam
809 2383 1120 2438 demonstrant,
1152 2398 1276 2443 quum
1292 2391 1363 2426 aut
1376 2380 1534 2425 Janum

189 2450 338 2497 Italiae
376 2467 540 2512 regem,
581 2466 654 2500 aut
685 2455 947 2514 ·Herculem,
997 2466 1069 2502 aut
1109 2455 1286 2517 denique
1323 2453 1533 2516 Pelasgos

190 2526 478 2585 Saturnalium
509 2538 710 2574 auctores
751 2530 983 2577 nominent.
1011 2564 1013 2567 -
1056 2529 1269 2576 Colchant
1305 2527 1533 2576 Saturnum

188 2599 448 2654 inventorem
477 2601 852 2664 agriculturae-‚et
868 2607 938 2652 -ad
966 2605 1053 2652 eius
1082 2602 1236 2650 festum
1266 2620 1412 2653 omnes
1433 2602 1533 2649 illos

170 2672 347 2733 ludos,
371 2676 602 2724 velationes
633 2687 675 2724 et
702 2677 803 2725 ioca*
826 2679 1108 2739 adhibebant,
1148 2695 1255 2744 quos
1292 2694 1422 2744 supra
1439 2679 1532 2726 “de-
