1730 3015
834 131 918 193 32

191 282 349 330 cidium
396 284 538 349 potius
576 283 844 347 reipublicae
892 301 1023 348 quam
1062 296 1197 331 artem
1238 283 1449 332 scenicam
1491 287 1552 347 gi-

191 377 322 423 gnere
361 360 600 425 potuissent
637 358 733 417 nisi,
771 359 887 406 malo
928 359 1193 407 clandestino
1235 359 1414 417 detecto,
1453 375 1555 425 con-

196 435 311 481 sules
342 434 525 497 patriam
558 445 820 480 servassent.
879 434 977 480 Liv.
999 434 1208 480 XXXIX.
1230 440 1270 490 3,
1292 449 1389 497 sqq.

312 507 460 568 Quum
502 524 610 572 quae
651 507 865 573 hucusque
906 508 1121 574 disputata
1163 520 1260 555 sunt
1287 506 1377 554 sere
1408 508 1553 555 omnia

190 583 449 640 contineant,
480 584 526 629 in
558 585 710 647 quibus
741 586 953 632 elementa
990 585 1194 632 dramatis
1232 584 1348 647 apud
1386 582 1551 629 Roma-

187 676 267 703 nos
299 669 539 715 cernuntur,
577 659 664 706 iam
690 662 824 708 ¹finem
862 660 1001 706 facere
1039 671 1232 724 poteram
1261 658 1362 704 ,huic
1399 658 1551 722 capiti;

188 735 266 780 sed
297 751 465 792 vereor,
495 753 549 781 ne
580 735 640 782 ita
668 736 881 783 desideres
912 735 1065 793 locum,
1104 736 1175 799 qui
1203 731 1248 781 in
1278 733 1360 780 hac
1390 734 1550 797 disqui-

185 809 353 866 sitione,
385 810 529 855 omnia
559 810 881 875 complectente,
913 827 1184 873 quaecunque
1216 810 1364 855 drama
1384 807 1549 854 Roma·

186 902 290 931 num
339 901 572 949 provocare
621 896 839 948 poterant,
890 884 1005 930 haud
1054 883 1176 947 parvi
1221 883 1426 930 momenti
1469 893 1549 930 est.

183 958 342 1005 Poesis
382 959 563 1004 scenica>
588 976 639 1003 ex
679 970 833 1003 natura
879 975 958 1003 sua
1001 969 1090 1002 tum
1130 959 1300 1003 demum
1339 959 1397 1003 ad
1443 958 1548 1003 artis

182 1021 399 1096 fastigium
430 1033 652 1095 pervenire
682 1043 841 1097 potest,
874 1049 1007 1095 quum
1039 1043 1180 1078 cetera
1209 1031 1352 1095 poesis
1390 1049 1549 1095 genera

179 1100 269 1154 iain
298 1107 462 1153 exculta
495 1118 622 1171 atque
651 1106 842 1171 pei-secta
869 1107 993 1152 illam
1024 1096 1229 1153 adiuvant
1268 1118 1309 1152 et
1339 1108 1547 1154 nutriunt:

180 1201 232 1229 ex
271 1182 423 1229 intima
462 1182 576 1228 enim
616 1182 911 1229 coniunctione
953 1181 1154 1228 carminis
1194 1180 1314 1245 lyrici
1355 1192 1398 1228 et
1440 1181 1547 1246 epici

180 1259 356 1304 tandem
394 1257 538 1322 prodit
574 1256 657 1303 hoc
697 1275 908 1302 summum
949 1256 1177 1303 Musarum
1212 1274 1337 1322 opus·
1401 1256 1547 1318 Quum

184 1333 343 1380 Graeci
373 1350 549 1395 operam
593 1333 695 1379 dare
736 1332 971 1395 inciperent
1008 1332 1091 1378 arti
1130 1332 1269 1397 sceni⁵
1295 1349 1338 1390 e,
1378 1332 1543 1379 Home-

181 1426 255 1455 rus
298 1407 509 1470 ceterique
554 1407 750 1453 mirabile
781 1412 869 1452 iam
908 1406 1187 1453 condiderant
1217 1424 1336 1470 epos,
1375 1407 1543 1453 Pinda-

178 1500 251 1528 rus
294 1482 464 1545 hymnis
505 1483 592 1526 suis
634 1499 844 1527 summum
882 1482 994 1526 inter
1030 1498 1179 1527 omnes
1223 1481 1429 1537 detulerat
1465 1482 1542 1527 ho-

176 1573 339 1612 norem,
377 1567 420 1600 et
449 1555 494 1601 in
525 1556 642 1600 omni
681 1555 793 1601 cultu
826 1555 970 1600 divino
1006 1557 1177 1617 vitaque
1215 1554 1381 1617 vulgari
1420 1555 1542 1602 adhi-

176 1633 266 1678 bita
307 1641 398 1676 erat
438 1630 584 1694 poesis
634 1629 865 1676 sublevans
914 1629 1103 1675 animum
1151 1640 1277 1692 atque
1319 1629 1542 1676 extollens.

174 1706 341 1753 Mirum
370 1705 513 1767 itaque
543 1706 633 1750 iure
663 1705 890 1761 videretur,
935 1704 973 1749 si
997 1702 1107 1749 ‘artis
1140 1704 1395 1750 dramaticae
1427 1706 1542 1769 apud

176 1780 414 1828 Romanos¹
446 1779 655 1842 originem
692 1780 912 1834 docturus,
952 1778 1120 1825 silentio
1156 1783 1349 1841 premere
1386 1778 1542 1825 vellem

174 1855 383 1917 reliquam
412 1854 565 1916 poesin
597 1854 818 1916 antiquam
847 1852 1108 1907 Romanam,
1141 1853 1180 1897 si
1203 1869 1324 1915 quae,
1346 1854 1540 1916 ‘exceptis

176 1928 262 1974 illis
293 1928 459 1973 rusticis
497 1927 753 1972 carminibus
790 1937 889 1971 ante
919 1925 1095 1971 Livium
1125 1925 1418 1973 Andronicum
1448 1927 1532 1975 fue-

176 2013 258 2048 rat.
288 2028 348 2035 —
408 2000 611 2063 Plerique
641 2016 730 2045 non
761 1998 969 2044 dramatis
1002 1998 1153 2055 solum,
1195 2000 1270 2045 sed
1301 2000 1429 2047 etiam
1465 2020 1537 2048 cu-

173 2076 307 2133 iusvis
360 2074 527 2138 generis
581 2074 728 2137 poesis
779 2084 993 2119 auctorem
1041 2072 1335 2121 Andronicum
1368 2076 1539 2134 faciunt,

175 2164 216 2199 et
254 2150 355 2197 inde
393 2149 447 2195 ab
487 2148 576 2194 eius
617 2159 753 2194 aetate
792 2147 1015 2194 historiam
1049 2146 1151 2192 artis
1187 2149 1376 2210 poeticae
1413 2168 1536 2215 repe-

173 2238 281 2275 tunt.
343 2224 406 2271 Hi
455 2239 557 2270 vero
609 2240 705 2270 meo
751 2220 907 2269 iudicio
954 2222 1006 2267 de
1046 2222 1114 2268 via
1151 2223 1238 2269 veri
1272 2241 1361 2271 non
1396 2226 1552 2290 magis·

177 2303 390 2357 aberrant,
425 2316 555 2363 quam
584 2298 868 2345 recentiorum
899 2296 1085 2360 quidam,
1123 2297 1193 2362 qui
1223 2299 1358 2346 nimio
1401 2312 1534 2347 extre-

171 2395 266 2425 mae
295 2374 559 2442 antiquitatis
588 2373 727 2419 studio
758 2383 905 2421 exacta
933 2371 1162 2437 pulcraque
1193 2374 1384 2420 carmina
1414 2385 1533 2420 ante-

176 2452 357 2499 cessisse
378 2468 475 2497 eum
495 2449 760 2504 confirmant,
793 2447 866 2511 qui
885 2447 1088 2495 Romana
1117 2449 1266 2510 igenia'
1287 2449 1452 2512 primus
1479 2449 1536 2496 ad

171 2526 324 2591 poesin
364 2525 571 2572 excitavit.
635 2523 770 2584 Quae.
799 2520 915 2580 mihi,
952 2522 1122 2586 singula
1157 2522 1406 2570 retractanti
1441 2521 1533 2569 visa

175 2601 260 2647 sint
286 2600 435 2665 paneis
464 2598 704 2647 illustrabo.
