1730 3015
935 100 973 164 8

265 273 373 320 quae
407 256 652 302 contineant
682 255 784 300 artis
816 253 1074 299 dramaticae
1112 251 1246 310 initia,
1278 250 1486 310 Qfloruisse
1516 252 1632 314 apud

263 332 430 394 priscos
461 330 703 375 Romanos.
766 326 866 374 Nisi
897 327 1067 390 egregie
1107 326 1260 386 fallor,
1302 326 1411 373 adeo
1455 330 1630 372 conten-

267 407 368 452 dere
399 406 495 452 licet
525 404 605 450 bos
643 403 825 450 rusticos
869 401 994 448 ludos
1026 401 1198 449 Romae
1240 401 1547 466 frequentiores
1590 412 1632 446 et

266 482 427 526 maiore
459 481 503 524 in
534 479 698 523 bonore
728 478 858 523 fuisse
891 493 1020 539 quam
1050 477 1097 522 in
1129 476 1329 522 Graecia.

383 553 602 615 Equidem
633 570 720 598 non
758 551 1060 597 affirmaverim
1098 552 1296 613 antiquos
1330 550 1520 597 Graecos
1550 548 1631 595 hos

263 627 387 673 ludos
430 644 519 672 non
558 627 818 684 instituisse,
864 643 1002 690 neque
1048 625 1172 673 facile
1211 625 1256 671 in
1297 624 1371 671 Fr.
1403 625 1635 688 Schlegelii

264 703 539 766 partesfflduci
558 703 713 766 patiar,
748 703 819 766 qui
843 703 889 747 in
911 702 1021 748 libro
1055 703 1107 747 de
1139 701 1258 764 epica
1288 700 1410 764 poesi
1443 699 1632 745 Graeco-

263 794 380 834 rum,
430 778 568 841 Oper.
616 788 718 823 tom.
741 778 820 823 ΙΙΙ.
852 795 895 840 p.
917 787 998 833 73,
1022 794 1116 840 sqq.
1159 775 1263 821 solis
1307 774 1518 820 Romanis
1559 773 1635 819 illa

266 852 388 898 initia
419 852 645 899 tribuenda
676 870 769 899 esse
801 863 956 899 censet.
1017 851 1138 897 Dicit
1180 851 1294 896 enim
1337 851 1452 914 apud
1495 850 1632 896 Grae-

267 945 341 972 cos
389 928 538 989 primis
586 928 850 989 temporibus
898 942 1112 987 nusquam
1157 925 1340 969 inveniri
1388 941 1462 969 eos
1516 924 1632 970 lusus

264 1012 491 1064 propterea
524 1001 639 1063 quod
670 1001 853 1047 Homeri
884 1011 1022 1046 aetate
1046 999 1256 1062 agricolae
1277 998 1517 1062 principum
1543 1016 1632 1044 ser-

265 1076 396 1121 vitute
428 1076 626 1138 oppressi
658 1077 846 1121 animum
882 1075 1082 1120 inducere
1124 1091 1213 1119 non
1244 1073 1457 1137 potuerint
1487 1074 1533 1118 in
1565 1090 1633 1120 se-

250 1167 389 1196 frenas
422 1150 659 1196 cuiusmodi
690 1151 996 1197 delectationes
1030 1150 1275 1214 carminum,
1307 1166 1395 1193 non
1427 1149 1533 1211 epici
1563 1166 1632 1193 ar-

264 1224 468 1286 gumenti,
510 1225 588 1270 sed
620 1224 834 1288 desumpti
867 1243 918 1270 ex
949 1225 1190 1286 agrestibus
1221 1223 1365 1269 rebus.
1426 1223 1479 1268 In
1508 1222 1634 1269 Italia

263 1298 370 1345 baec
414 1317 440 1345 a
469 1300 620 1362 primis
663 1300 927 1363 temporibus
968 1300 1013 1345 in
1049 1317 1131 1345 usu
1170 1299 1317 1354 fuisse,
1361 1299 1405 1343 in
1449 1298 1633 1343 Graecia

264 1384 405 1418 autem
448 1391 542 1419 sero
584 1375 753 1419 demum
796 1385 900 1420 nata
936 1392 1029 1420 esse
1072 1373 1187 1438 apud
1225 1372 1383 1419 liberos
1422 1371 1632 1435 agricolas

263 1448 310 1493 in
341 1449 498 1505 Attica,
530 1448 839 1512 Peloponneso
872 1462 914 1495 et
947 1450 1108 1505 Sicilia,
1152 1450 1323 1493 diversa
1365 1449 1475 1493 inter
1514 1465 1559 1493 se
1592 1458 1634 1494 et

261 1521 539 1567 abhorrentia
571 1524 625 1568 ab
657 1524 806 1570 Italica
836 1524 980 1588 poesi,
1023 1523 1290 1570 incunabulis
1322 1523 1424 1570 artis
1462 1522 1632 1569 drama-

262 1597 383 1644 ticae.
449 1597 575 1658 Quae
600 1599 636 1643 si
658 1616 758 1644 vera
781 1610 939 1655 essent,
972 1611 1082 1645 certe
1111 1617 1200 1645 non
1230 1598 1532 1661 negligendum
1562 1598 1633 1646 hic

263 1673 549 1737 reperiremus
581 1685 843 1720 momentum
875 1674 922 1720 in
952 1673 1115 1721 Italicis
1146 1674 1273 1721 rebus
1307 1675 1630 1737 cognoscendis,

262 1759 305 1793 et
336 1765 444 1811 quae
476 1749 556 1794 viri
598 1750 710 1795 docti
752 1750 803 1796 de
847 1751 1052 1796 dramatis
1094 1751 1210 1814 apud
1242 1750 1436 1796 Graecos
1466 1750 1630 1811 origine

261 1833 376 1869 recte
422 1824 837 1882 animadverterunt,
886 1842 1088 1887 magnam
1133 1836 1300 1888 partem
1347 1825 1629 1870 conciderent.

235 1894 369 1944 ‚Non
401 1898 570 1958 ignotas
604 1911 746 1943 autem
776 1900 907 1945 fuisse
937 1900 1034 1944 illas
1068 1899 1384 1943 exercitationes
1429 1899 1629 1961 agricolis

260 1970 411 2033 primis
443 1972 488 2015 in
521 1972 707 2017 Graecia
738 1973 805 2017 vel
838 1991 889 2018 ex
921 1990 971 2018 eo
1012 1973 1163 2020 coniici
1202 1983 1356 2035 potest,
1397 1973 1513 2036 quod
1551 1991 1628 2020 na-

262 2055 403 2090 turam
440 2045 583 2108 ipsam
633 2063 781 2092 earum
822 2048 1098 2094 inventricem
1136 2047 1341 2104 vidimus,
1394 2065 1501 2112 quae
1540 2049 1629 2095 vim

261 2136 381 2165 suam
397 2120 622 2166 exercebat
638 2122 789 2167 eodem
802 2122 932 2168 modo
949 2123 994 2168 in
1012 2123 1191 2168 Graecis
1209 2135 1333 2187 atque
1350 2123 1482 2169 Italis.
1503 2123 1627 2184 Qua-

257 2206 449 2258 propter,
483 2196 654 2240 etiamsi
683 2197 801 2242 nulla
833 2208 1053 2245 auctorum
1084 2209 1272 2243 veterum
1312 2198 1393 2244 fide
1435 2200 1626 2262 interpo-

258 2270 341 2316 sita
372 2270 647 2334 comprobari
678 2283 840 2336 posset,
873 2284 1016 2319 tamen
1047 2272 1122 2319 illa
1144 2274 1308 2320 cantica
1330 2275 1511 2320 Graecis
1532 2274 1625 2318 vin-

257 2345 463 2399 dicarem;
496 2347 730 2394 cavendum
762 2347 875 2392 enim
906 2358 982 2403 est,
1024 2365 1078 2393 ne
1110 2366 1159 2394 ex
1200 2363 1418 2396 auctorum
1458 2347 1626 2393 silentio

256 2419 308 2464 de
341 2419 484 2482 aliqua
513 2439 558 2467 re
591 2421 912 2481 concludamus,
943 2422 1064 2469 illam
1093 2441 1270 2487 prorsus
1301 2411 1390 2471 non
1420 2423 1625 2468 extitisse.

251 2492 315 2539 At
345 2510 434 2539 non
475 2496 647 2541 omnino
691 2498 881 2544 destituti
923 2515 1067 2544 sumus
1099 2500 1359 2563 argumentis
1391 2516 1414 2544 e
1447 2497 1625 2544 Graecis

256 2568 537 2634 scriptoribus
567 2572 727 2635 petitis,
772 2590 881 2638 quae
922 2574 1077 2622 acriter
1105 2573 1379 2637 indagantem
1408 2574 1468 2620 ad'
1495 2573 1633 2639 vesti-A
