1730 3015
767 179 860 244 '43

135 338 252 404 quod
288 339 431 404 potius
469 332 687 391 existimo,
729 332 775 379 in
817 350 946 380 scena
990 344 1180 381 extructa
1218 344 1292 381 aut
1334 334 1379 381 in
1419 335 1498 382 ali-

142 432 226 480 quo
270 418 476 478 suggestu
500 416 536 463 ¹)
580 424 669 455 non
709 419 929 474 tantopere
959 410 1018 455 ad
1054 410 1319 474 voluptatem
1350 409 1498 457 luden-

133 492 242 538 tium
289 505 417 552 quam
463 494 747 548 spectatorum
792 496 952 540 actum3
1000 485 1194 543 dicteria,
1242 502 1350 549 quae
1402 496 1500 531 ante

137 567 253 613 inter
282 561 431 627 epulas
472 571 630 606 temere
652 559 972 616 ·iactitaverant,
1010 570 1057 605 ut
1087 559 1246 606 laetitia
1282 572 1324 607 et
1353 561 1499 607 vinum

134 640 396 692 suadebant,
418 646 535 681 tunc
574 645 690 680 certo
729 645 920 697 tempore
949 650 1038 679 non
1068 645 1242 693 temere,
1281 637 1358 683 sed
1396 654 1498 684 con-

132 714 268 772 ·s‘ulto,
293 723 343 759 et
372 711 446 769 ita,
478 721 525 757 ut
557 721 654 756 ante
685 709 830 756 ludum
856 709 971 758 inter
999 710 1120 773 ipsos
1152 712 1400 759 convenisse
1432 713 1497 761 vi-

132 791 306 845 deatur,
336 786 440 849 quid
470 785 627 843 dicere,
659 785 763 850 quid
794 796 933 830 tacere
966 783 1141 841 vellent,
1182 785 1369 849 prolata;
1407 804 1496 834 non
1545 789 1548 792 ’

132 865 260 926 longe
277 873 388 925 vpost
417 861 604 926 primum
633 859 927 924 spectaculum
958 858 1040 906 hoc
1076 871 1187 906 certe
1223 859 1380 907 factum
1418 868 1496 908 est.

129 939 192 984 Et
222 937 426 1000 denique,
460 937 575 1000 quod
614 936 845 999 praecipue
880 934 1136 991 notandum,
1170 934 1342 981 saltatio
1378 936 1495 982 rudis

129 1022 259 1077 atque
290 1011 449 1059 rustica
479 1023 606 1058 antea
638 1010 791 1058 dehinc
822 1021 1062 1075 temperata
1100 1021 1166 1056 est
1206 1022 1298 1057 arte
1332 1010 1493 1069 Tusca,

126 1105 258 1153 quam
298 1099 388 1135 tum
423 1087 511 1132 iam
553 1086 829 1151 spectabilem
864 1085 1004 1132 fuisse
1025 1084 1174 1131 Livius
1215 1097 1257 1132 et
1287 1086 1493 1133 Valerius

124 1158 301 1217 docent3
326 1178 593 1225 quamquam
622 1160 889 1225 sequentium
919 1171 1162 1223 temporum
1195 1160 1381 1207 saltandi
1402 1173 1492 1208 stu·

129 1238 259 1294 dium,
290 1236 364 1282 cuiv
377 1235 583 1292 Romani,
616 1236 731 1298 quod
751 1252 852 1280 mox
871 1234 1082 1297 probabO,
1114 1245 1228 1280 totos
1251 1251 1296 1280 se
1319 1236 1494 1292 dabant,

127 1312 407 1358 Etruscorum
417 1322 552 1358 artem
565 1309 691 1355 facile
708 1308 952 1372 superabat,
964 1308 1025 1353 ita
1036 1319 1080 1353 ut
1091 1307 1245 1353 Cicero
1259 1325 1494 1372 conquera-

126 1387 195 1433 tur
213 1387 322 1433 adeo
344 1385 616 1432 saltationem
634 1384 760 1430 nimis
788 1383 1022 1447 expolitam
1047 1400 1123 1428 suo
1149 1394 1339 1446 tempore
1356 1395 1495 1430 trans-

126 1461 244 1524 gredi
282 1460 421 1525 pulcri
466 1461 643 1506 modum
695 1459 787 1514 (De
819 1459 928 1522 Leg.
960 1459 1019 1504 II.
1053 1460 1139 1519 15,ἰ
1159 1466 1268 1514 39.).
1314 1460 1497 1522 Augusti

126 1554 228 1582 vero
259 1548 395 1582 aetate
427 1536 566 1581 omnis
600 1535 854 1580 antecedens
888 1550 959 1580 ars
996 1534 1149 1591 „rudis
1170 1532 1409 1580 saltationis
1437 1536 1495 1581 ri-

125 1613 220 1657 tus’r'
251 1609 563 1672 appellabatur,
596 1625 726 1671 quam
756 1608 947 1671 Pylades
980 1618 1158 1653 venusta
1189 1608 1378 1654 novitate
1399 1628 1492 1655 mu-

90 1692 97 1702 ·
125 1695 257 1729 tasset
290 1690 343 1739 ²),
383 1701 434 1729 ex
467 1700 550 1746 quo
581 1682 844 1745 intelligitur,
878 1681 1017 1745 qualis
1049 1681 1329 1727 Etruscorum
1359 1683 1491 1729 salta-

124 1759 184 1804 tio
215 1758 355 1804 fuerit.
417 1758 542 1803 Haec
571 1757 714 1820 itaque
746 1756 891 1801 omnia
928 1757 1129 1801 accedere
1173 1756 1405 1814 debebant,
1447 1769 1495 1803 ut

126 1844 243 1879 esset
272 1849 370 1890 „res
400 1833 537 1877 nova''
570 1843 612 1877 et
642 1830 904 1895 „exquisitus
935 1830 1154 1892 religionis
1186 1830 1361 1877 cultus.''
1401 1831 1492 1878 De-

124 1907 225 1954 inde
255 1906 500 1958 ludionibus
531 1905 746 1951 Romanis
786 1922 946 1951 nomen
987 1904 1264 1951 histrionibus
1296 1906 1492 1964 inditum,

126 1989 170 2035 ’3)
203 1999 333 2045 quum
361 1999 432 2027 res
463 1981 665 2044 „saepius
696 1981 943 2044 usurpando
975 1981 1154 2026 excitata
1179 1981 1268 2026 iam
1290 1981 1495 2044 singulari

127 2067 217 2102 arte
239 2057 412 2103 tractari
440 2056 690 2121 coepisset”,
721 2056 834 2119 iique
864 2056 936 2119 qui
967 2056 1189 2119 propriam
1220 2067 1355 2102 artem
1378 2076 1493 2103 exer-

127 2142 282 2188 cerent,
314 2132 488 2196 proprio
522 2149 690 2196 quoque
718 2131 894 2178 nomine
927 2131 1196 2194 significandi
1236 2131 1491 2178 viderentur.

149 2313 152 2316 Α
225 2269 260 2313 ¹)
285 2270 449 2307 Romani
473 2271 692 2320 promiscue
716 2272 1009 2309 circumstantes
1034 2272 1107 2309 hos
1132 2271 1245 2308 ludos
1271 2277 1308 2307 et
1335 2270 1493 2308 Circen-

125 2337 185 2362 ses
217 2327 437 2374 spectabant
467 2344 591 2381 usque
626 2332 674 2367 ad
701 2343 850 2367 annum
876 2337 959 2374 558,
984 2344 1061 2381 quo
1095 2338 1304 2373 senatores,
1342 2330 1491 2379 equites
1533 2364 1536 2366 ,

125 2378 164 2422 et
175 2384 285 2434 plebs
305 2387 417 2424 certis
430 2389 587 2428 sedibus
606 2391 915 2429 secernebantur.
947 2393 999 2428 V
1015 2391 1100 2428 Liv.
1113 2391 1299 2427 XXXIV.
1315 2387 1362 2427 44
1376 2397 1413 2425 et
1427 2388 1490 2428 54-

149 2463 151 2465 ’
189 2451 192 2455 ”
224 2444 264 2492 ²)
288 2445 419 2483 Verba
442 2455 537 2485 sunt
559 2443 749 2488 Macrobii
781 2451 826 2488 in
852 2452 930 2488 Sat.
945 2452 981 2486 11
996 2453 1031 2495 7,
1065 2449 1133 2485 ubi
1161 2450 1209 2486 de
1233 2450 1385 2496 Pyladis
1411 2457 1492 2486 arte

125 2502 815 2547 disserit..

228 2568 241 2588 ³
248 2574 265 2612 >
291 2567 381 2604 Sive
408 2580 437 2605 a
459 2570 586 2606 Tusca
617 2583 715 2608 voce
747 2569 1004 2619 appellativa,
1038 2568 1121 2605 sive
1154 2581 1177 2604 a
1208 2569 1364 2607 nomine
1399 2583 1493 2618 pro-

127 2621 212 2713 prio
239 2625 445 2697 Risu-ione,
468 2629 574 2679 quod
594 2631 839 2699 Plutarchus,
861 2630 944 2679 sive
964 2627 1013 2666 ab
1032 2628 1176 2666 Histria
1197 2629 1365 2681 regione,
1385 2630 1493 2682 quod

158 2687 260 2719 estus
286 2685 417 2724 dicit.
