1730 3015
839 152 919 216 28

196 304 243 350 in
274 303 450 351 Genial.
480 304 815 352 Dienlibsvl.
848 324 883 352 c.
909 309 978 361 19.
1037 304 1218 353 Praeter
1244 305 1460 371 publicam
1489 325 1562 353 ve-

199 381 466 427 nerationem
487 396 605 426 sacra
627 379 790 427 occulta
811 391 952 437 erant,
985 397 1102 444 quae
1125 399 1152 428 a
1181 380 1386 427 matronis
1412 380 1562 427 Cereri

197 454 379 512 fiebant,
410 466 452 501 et
492 454 665 518 quidem
686 454 916 501 ,Romana
947 455 1155 519 religione
1192 456 1388 518 amiqua,
1435 470 1563 519 quam

196 529 349 576 utalia
369 529 569 593 mysteria
598 530 782 576 fortasse
810 548 862 576 ex
890 530 1065 577 Etruria
1091 531 1341 590 acciverant.
1394 530 1563 592 Quam-

200 622 328 669 quam
358 605 472 651 enim
501 604 715 653 Romanis
757 606 935 664 licebat,
974 607 1133 653 initiari
1174 606 1343 653 Graeco
1391 606 1561 654 Cereris

199 697 347 737 sacro,
378 692 524 727 tamen
553 699 730 746 prorsus
768 682 910 728 aliena
951 683 1005 728 ab
1048 682 1283 728 Eleusiniis
1324 680 1559 727 Athenien-

196 755 306 801 sium
335 755 470 802 fuisse
500 756 609 804 haec
637 768 928 803 matronarum
945 757 1156 821 mysten'a
1185 757 1394 820 colligitur
1413 774 1462 803 ex
1482 755 1558 802 Ci-

199 831 369 876 ceronis
400 830 566 888 verbis,
598 832 751 894 quibus
782 831 826 877 in
841 832 965 878 vlibro
1007 832 1060 885 de
1095 830 1262 894 legibus
1299 830 1356 877 II.
1389 837 1456 888 15,
1489 832 1560 886 37.

198 905 341 968 legem
379 906 432 952 de
475 905 642 951 Cereris
693 922 815 951 sacro
855 905 1051 968 explicat.
1128 904 1302 968 Neque,
1336 906 1374 951 si
1410 906 1559 952 eadem

198 990 292 1025 erat
319 979 489 1040 religio,
523 978 724 1024 Tiberius
747 979 954 1024 Claudius
975 978 1200 1025 Eleusinia
1220 978 1408 1024 Romam
1424 990 1559 1025 traus-

194 1052 307 1099 ferre
328 1064 502 1099 conatus
523 1063 636 1099 esset
652 1053 848 1107 (Sueton.
862 1053 1015 1099 Claud.
1037 1059 1137 1110 25.),
1154 1053 1200 1099 id
1222 1054 1337 1117 quod
1348 1064 1448 1118 post
1464 1071 1562 1100 eum

195 1122 445 1172 Hadrianus
475 1127 672 1192 perfecit,
702 1138 811 1173 teste
842 1127 1018 1173 Aurelio
1046 1127 1228 1173 Victore
1258 1127 1303 1173 in
1333 1127 1422 1173 eius
1443 1127 1555 1173 vita:

198 1213 356 1265 „atque
400 1211 476 1257 (ut)
518 1202 657 1248 initia*
681 1203 852 1249 Cereris
892 1202 1158 1265 Liberaeque
1171 1238 1184 1259 ,
1216 1219 1324 1265 quae
1338 1198 1558 1248 'Eleusina

199 1276 371 1333 dicitur,
403 1276 727 1322 Atheniensium
755 1277 887 1322 modo
917 1276 1063 1323 Roma
1106 1276 1384 1340 percoleret.“
1454 1276 1556 1323 Cul-

200 1362 292 1396 tum
323 1362 464 1397 autem
492 1368 651 1396 novum
681 1368 770 1397 non
799 1351 845 1396 in
884 1369 934 1397 eo
972 1351 1025 1396 ab
1063 1351 1239 1414 antiquo
1278 1350 1557 1414 discrepasse,

200 1426 317 1488 quod
347 1436 437 1470 tum
467 1425 652 1489 primum
683 1444 778 1472 cum
810 1426 965 1471 Cerere
996 1425 1122 1471 etiam
1162 1424 1365 1471 Liberam
1407 1442 1558 1488 coepe·

199 1500 286 1544 rint
319 1500 535 1556 venerari,
568 1500 820 1564 intelligitur
850 1518 900 1546 ex
934 1500 1024 1546 Cic.
1057 1497 1127 1545 N.·
1145 1499 1208 1545 D.
1229 1499 1283 1544 Π.
1306 1509 1389 1551 24:
1418 1499 1557 1556 „hunc

197 1574 296 1621 dico
335 1573 540 1620 Liberum
588 1574 756 1622 Semele
795 1585 964 1632 natum,
1006 1591 1093 1621 nou
1129 1592 1224 1620 eum
1263 1572 1386 1638 q‘uem
1423 1575 1561 1622 nostri

193 1649 380 1696 maiores
398 1660 588 1712 ,auguste
619 1662 847 1714 sancteque
869 1650 1071 1697 Liberum
1102 1667 1197 1696 cum
1221 1649 1379 1696 Cerere
1409 1646 1451 1696 et
1480 1650 1559 1697 Li-

194 1725 301 1772 bera
332 1736 696 1783 consecraverunt,
728 1726 843 1789 quod
873 1725 996 1790 quale
1027 1725 1082 1771 sit
1111 1742 1164 1771 ex
1193 1724 1403 1788 mysteriis
1432 1725 1558 1772 intel·

196 1800 273 1864 ligi
308 1805 494 1865 potest.“
554 1799 757 1847 Ceterum
798 1801 1017 1847 Ciceronis
1058 1810 1194 1846 aetate
1231 1799 1353 1846 multi
1393 1798 1556 1846 Roma·

198 1892 352 1921 norum
400 1875 581 1936 Athenis
630 1875 906 1922 initiabantur
945 1873 1195 1930 Eleusiniis,
1237 1884 1341 1919 teste
1379 1872 1473 1921 Cic.
1503 1874 1556 1922 de

199 1950 341 2011 Legg.
370 1949 428 1993 II.
464 1960 531 2005 14,
562 1949 634 2006 36,
666 1960 708 1995 et
736 1950 975 2011 Augustum
1011 1947 1222 1993 initiatum
1264 1963 1360 1993 esse
1401 1948 1555 1996 iisdem

202 2023 338 2070 sacris
385 2024 509 2069 docet
546 2023 775 2070 Suetonius
816 2023 863 2068 in
900 2022 1013 2085 Aug.
1057 2031 1129 2077 9³·
1166 2048 1225 2056 ——
1272 2020 1564 2072 ⁴Differebant.

202 2100 347 2162 itaque
379 2109 490 2145 certe
520 2098 630 2144 inter
660 2114 707 2144 se
736 2096 938 2143 Romana
971 2096 1140 2144 Cereris
1170 2095 1334 2148 occulta
1364 2114 1482 2145 sacra
1512 2112 1556 2146 et

202 2173 429 2223 Eleusinia
468 2172 812 2230 Atheniensium,
851 2173 1107 2235 quamquam
1149 2171 1290 2234 qualia
1326 2183 1422 2219 ante
1458 2174 1556 2220 Ha-

205 2249 414 2296 drianum.
431 2247 604 2295 Romae
636 2247 848 2295 celebrata
876 2247 961 2294 sint
999 2263 1088 2293 non
1126 2245 1252 2293 facile
1290 2246 1442 2313 aliquis
1483 2267 1552 2296 ex-

204 2324 389 2371 tri-cabit.
448 2323 630 2371 Praeter
658 2323 865 2370 Etruscos
896 2322 941 2369 in
973 2322 1141 2370 Cereris
1182 2324 1392 2386 mysteriis
1431 2324 1553 2371 insti-

205 2400 374 2446 tuendis
415 2416 503 2445 non
540 2399 737 2463 exiguam
778 2398 864 2444 vim
893 2397 1090 2445 habuisse
1125 2397 1320 2448 videntur
1354 2399 1550 2445 sacerdoa

206 2486 271 2521 tes
304 2473 619 2538 Neapolitanae
657 2475 746 2520 sive
786 2472 1031 2541 Velienses,
1072 2474 1132 2521 ita
1172 2486 1220 2522 ut
1257 2475 1433 2530 Cicero,
1475 2490 1555 2537 pro

207 2548 351 2596 Balbo
373 2550 444 2608 24,
465 2556 535 2596 55.
556 2566 703 2596 omnes
731 2549 841 2596 adeo
869 2549 1145 2596 caerimonias
1163 2550 1287 2596 huius
1308 2547 1458 2600 occulti
1489 2564 1557 2595 sa·
1631 2573 1633 2576 .

211 2623 273 2668 cri
300 2642 323 2670 e
346 2624 530 2674 Graecia
549 2626 705 2690 petitas
724 2643 819 2673 esse
838 2624 975 2673 dicat-2
1004 2623 1557 2684 „Sacra-›Cereris5-iudice83
