1730 3015
917 113 1003 191 50

284 269 379 327 bat,
411 274 501 317 non
529 280 723 334 poteram
760 268 955 315 animum.
990 268 1215 325 inducere,
1254 280 1308 313 ea
1326 264 1501 313 vliberos
1543 281 1646 321 suos

286 345 485 391 homines
517 343 895 398 nobilesvdocere3
928 343 1006 389 sed
1037 359 1167 406 quum
1196 341 1344 388 ductus
1378 357 1472 386 sum
1510 339 1647 387 inlu·

287 421 389 467 dum
421 418 710 475 saltatorium,
742 417 861 482 plus,
892 418 1057 465 medius
1090 418 1237 474 fidius,
1269 416 1315 463 in
1344 433 1395 464 eo
1426 416 1529 463 ludo
1561 416 1666 482 vidi,

276 495 426 558 ,pueris
459 484 775 557 virginibusque
809 493 1074 556 quingentis,
1104 494 1149 539 in
1178 492 1244 538 his
1275 509 1407 538 unum
1449 501 1550 556 (quo
1573 510 1648 543 ,me

281 569 542 634 reipublicae
566 569 748 615 maxime
771 569 994 616 misertum
1015 578 1095 624 est)
1117 586 1293 632 puerum
1313 567 1542 624 bullatum,
1568 585 1643 630 pe-

282 645 421 691 titoris
452 645 611 701 filium,
642 661 731 689 non
761 645 970 690 minorem
1001 644 1124 690 annis
1157 641 1377 689 duodecim
1415 659 1512 687 cum
1552 659 1645 688 cro-

283 719 381 766 talis
415 719 599 765 saltare:
631 736 760 783 quam
791 719 1059 765 saltationem
1088 718 1327 782 impudicus
1350 716 1541 763 servulus
1564 716 1645 762 ho-

283 806 406 841 neste
440 795 598 841 saltare
630 811 719 842 non
754 800 947 859 posset.“
1021 794 1271 851 Macrob‘us
1307 792 1463 840 *deinde
1501 792 1650 844 laudat

283 870 354 916 M.
388 869 568 916 Catonis
599 870 729 915 verba
760 870 805 914 in
845 868 1079 914 Caecilium
1119 871 1360 914 senatorem
1398 884 1486 913 non
1523 867 1647 930 igno-

284 944 435 998 bilem,
468 961 593 1006 quem
626 943 905 1005 spatiatorem
936 953 978 987 et
1006 941 1046 987 F
1048 943 1322 989 escenninum
1355 943 1467 988 Cato
1497 941 1646 1006 appel-

281 1019 437 1072 lasset,
483 1017 543 1062 sic
581 1034 677 1061 eum
720 1017 953 1061 denotans:
1012 1015 1280 1071 „Descendit
1322 1016 1375 1061 de
1416 1015 1646 1072 cantherio,

284 1091 385 1138 inde
419 1090 639 1136 staticulos
673 1090 795 1146 dare,
826 1089 1071 1138 ridicularia
1110 1089 1344 1145 fundere;“
1381 1101 1424 1135 et
1464 1083 1574 1136 alibi.
1606 1090 1648 1136 iu

283 1166 489 1211 eundem:
540 1164 816 1222 „Praeterea
854 1174 1020 1221 cantat,
1058 1163 1132 1209 ubi
1173 1162 1386 1222 collibuit,
1436 1164 1647 1220 interdum

286 1240 479 1288 Graecos
511 1257 659 1287 versus
692 1240 800 1302 agit,
831 1239 950 1286 iocos
984 1239 1108 1295 dicit,
1139 1256 1263 1286 voces
1286 1240 1493 1298 demutat,
1525 1240 1646 1296 stati-

286 1315 405 1363 culos
439 1316 557 1360 dat.“
619 1314 704 1371 En,
729 1332 867 1377 ,quum
899 1325 1016 1361 tanto
1047 1313 1188 1360 furore
1218 1315 1409 1371 Africani
1445 1315 1646 1379 tempori-

283 1391 364 1437 bus
399 1402 440 1436 ct
470 1391 555 1436 iam
587 1401 684 1437 ante
716 1407 835 1444 eum,
865 1401 911 1440 ut
941 1389 1043 1445 dicit
1077 1389 1321 1438 Macrobius
1355 1390 1503 1437 eodem
1533 1390 1643 1446 loco,

276 1464 559 1512 ⁴saltationem
590 1463 782 1509 Romani
821 1464 1079 1528 arriperent,
1111 1464 1267 1509 mirum
1297 1478 1384 1512 non
1421 1464 1644 1522 videbitur,

283 1557 357 1586 eos
390 1557 492 1603 prae
525 1540 676 1586 ceteris
711 1539 969 1595 delectantes
1003 1540 1167 1585 Mimos
1201 1540 1328 1585 etiam
1366 1552 1485 1586 extra
1520 1540 1644 1592 sabu-

281 1614 370 1660 lam
402 1625 594 1678 spectare
626 1613 837 1671 voluisse,
868 1614 1057 1678 hosque,
1097 1614 1286 1661 omnium
1324 1615 1539 1680 applausu
1577 1633 1645 1663 ex-

283 1690 457 1747 citatos,
489 1690 688 1754 proprios
721 1707 821 1735 suos
854 1691 980 1736 ludos
1019 1708 1137 1736 more
1182 1691 1382 1737 iuvenum
1421 1689 1644 1737 Romano-

272 1783 376 1811 rum
406 1765 653 1812 instituisse.
725 1766 787 1811 Hi
829 1764 919 1811 ludi
962 1765 1104 1823 initio,
1148 1783 1278 1829 quum
1317 1765 1447 1812 Mimi
1485 1765 1539 1812 ab
1579 1765 1643 1815 hi,-

285 1841 516 1887 strionibus
575 1841 766 1887 nondum
819 1841 1006 1903 separati
1061 1841 1267 1903 agebant,
1305 1841 1469 1886 -exodia
1510 1853 1642 1899 erant,

284 1926 437 1979 postea
466 1932 568 1961 vero
600 1921 644 1961 et
672 1915 757 1978 ipsi
789 1926 1062 1984 accreverunt
1101 1915 1158 1960 ad
1196 1915 1345 1962 drama
1387 1915 1641 1974 continuum,

287 1989 447 2035 scilicet
475 1990 705 2035 mimicum.
762 1989 946 2034 Eodem
987 1989 1116 2034 modo
1158 1990 1287 2035 etiam
1323 1989 1396 2035 alii
1434 1990 1643 2046 ludiones,

275 2053 415 2128 ‘prout
445 2063 542 2126 plus
575 2063 766 2114 minusve
799 2063 1044 2126 placebant,
1077 2080 1153 2109 suo
1184 2064 1370 2129 periculo
1402 2065 1642 2129 spectacula

281 2139 445 2203 populo
477 2138 601 2184 edere
634 2149 884 2201 coeperunt,
917 2156 1047 2201 quum
1077 2139 1195 2185 initio
1226 2139 1270 2185 in
1301 2141 1531 2186 comoediis
1572 2153 1643 2189 aut

234 2251 240 2255 .
283 2213 517 2275 tragoediis
549 2213 681 2259 modo
713 2225 1003 2268 cernerentur;
1036 2215 1102 2260 cui
1132 2214 1194 2260 rei
1232 2216 1438 2278 quaedam
1479 2216 1641 2280 species

280 2289 478 2336 ludorum
510 2288 815 2334 Romanorum
854 2289 1061 2351 originem
1097 2290 1249 2343 debere
1280 2291 1488 2338 videntur.
1557 2292 1640 2338 Illa

279 2376 423 2411 autem
465 2381 615 2411 revera
661 2364 721 2410 ita
760 2380 805 2409 se
844 2363 1000 2411 babere
1040 2365 1163 2412 docet
1206 2365 1444 2412 Diomedes
1490 2366 1566 2412 III.
1597 2385 1640 2430 p.

280 2445 383 2494 489.
416 2440 483 2485 ed.
514 2438 714 2486 Putsch.:
776 2437 965 2496 „Primis
1020 2451 1161 2486 autem
1200 2441 1462 2505 temporibus
1497 2442 1640 2487 omnia

279 2530 388 2578 quae
418 2514 464 2559 in
495 2531 622 2560 scena
652 2525 895 2571 versantur,
927 2514 971 2560 in
1000 2515 1221 2563 comoedia
1252 2516 1507 2579 agebantur,
1537 2533 1638 2563 nam

272 2586 600 2646 Pantomimus‚
628 2588 862 2653 Pythaules
894 2600 938 2637 et
968 2589 1205 2639 Choraules
1235 2590 1282 2637 in
1311 2590 1548 2647 comoedia·
1568 2608 1637 2640 ca-
