1730 3015
879 129 959 194 14

236 283 430 331 dramate
462 294 603 330 antem
635 282 900 330 Graecorum
931 294 1021 330 toto
1062 286 1183 332 coelo
1224 284 1468 332 distabant:
1504 304 1607 349 poe-

236 359 306 406 sin
349 360 587 406 bucolicam
625 358 785 405 Graeci
825 359 1184 418 excoluemnt,·a
1227 361 1378 426 quibus
1417 359 1609 409 Romani

236 436 531 501 profecerunt3
571 435 623 480 de
655 434 867 480 Atellanis
900 434 1013 481 infra
1047 435 1372 499 disputabimus.
1438 436 1607 483 Caven-

238 512 339 556 dum
369 511 533 572 itaque,
565 528 619 556 ne
651 510 791 556 nimiis
824 510 1019 556 laudibus
1058 509 1285 557 efferamus
1324 512 1400 558 illa
1443 513 1610 559 scenica

234 578 436 649 poemata
487 583 808 644 Romanorum,
861 597 903 631 et
960 605 1054 632 cum
1106 585 1244 632 choris
1287 587 1605 651 'dithyrambicis

236 659 504 706 Graecorum
554 661 854 726 componenda
897 679 992 708 esse
1047 679 1309 708 censeamuS.
1398 662 1605 725 vestigia

233 735 344 781 ruris
389 752 624 799 numquam
668 737 939 783 deseruerunt
969 736 1183 794 Romani,
1216 753 1427 800 quumque
1460 752 1608 784 eorum

234 812 425 858 conditio
458 828 629 857 omnem
659 812 810 858 virium
842 813 1185 858 exercitationem
1218 813 1275 858 ad
1307 812 1607 874 agriculturam

234 898 278 932 et
319 886 481 933 bellum
524 886 752 943 conferret,
795 897 995 950 poemata
1035 887 1212 949 propria
1252 886 1410 933 humile
1442 887 1608 933 initium

232 978 322 1007 non
364 970 692 1025 superaverunt,
741 963 876 1007 donec
919 971 1047 1024 capta
1090 960 1297 1019 Graecia,
1343 972 1390 1007 ut
1430 960 1607 1013 Horatii

231 1037 371 1082 verbis
402 1047 516 1093 utar,
549 1035 728 1081 victores
763 1036 888 1099 cepit.

257 1110 269 1121 ²
330 1111 596 1174 rPostquam
655 1111 783 1173 igitur
841 1112 1073 1175 antiquitus
1146 1112 1336 1158 extitisse
1394 1112 1622 1175 quaedam·

232 1187 350 1251 apud
380 1185 606 1232 Romanos
640 1187 741 1231 artis
774 1186 1032 1232 dramaticae
1065 1186 1300 1250 primordia
1342 1186 1606 1233 demonstra-

233 1264 404 1319 vimus,
454 1273 614 1318 restat,
667 1272 714 1307 ut
771 1261 822 1307 de
876 1262 1025 1307 diebus
1079 1260 1201 1307 festis
1253 1272 1343 1307 tum
1393 1262 1439 1306 in
1489 1258 1604 1324 agris

232 1348 325 1383 tum
357 1337 402 1382 in
443 1336 547 1383 urbe
577 1335 806 1393 institutis,
850 1336 901 1382 de
940 1336 1096 1401 quibus
1138 1353 1270 1402 supra
1308 1337 1505 1383 universe
1540 1337 1603 1383 lo-

233 1414 317 1460 cuti
364 1430 531 1468 sumus,
582 1413 791 1474 quaedam
823 1412 1084 1457 adiiciamus.
1149 1413 1296 1472 Quum
1327 1413 1439 1458 enim
1478 1429 1604 1475 aegre

230 1487 411 1544 ferrem,
452 1486 488 1531 si
519 1487 614 1550 quis
646 1487 691 1532 in
722 1486 977 1551 explicanda
1008 1486 1170 1548 origine
1193 1486 1436 1550 tragoediae
1464 1485 1604 1532 Grae-

232 1581 307 1609 cae
351 1580 489 1625 neque
532 1562 639 1607 ritus
689 1562 852 1606 dierum
892 1560 1119 1618 festorum,
1170 1563 1242 1625 qui
1287 1562 1497 1607 elementa
1541 1563 1607 1607 rei

233 1638 424 1683 scenicae
451 1636 732 1693 continerent,
765 1654 844 1682 nec
864 1652 1051 1702 pompas
1084 1654 1162 1683 nec
1192 1637 1393 1700 mysteria
1416 1652 1600 1700 expone-

230 1724 316 1769 ret,
350 1713 427 1758 sed
459 1712 711 1757 consisteret
742 1713 787 1757 in
817 1712 1063 1757 Aristotelis
1096 1712 1276 1765 iudicio3
1312 1723 1353 1756 et
1382 1712 1485 1756 mihi
1515 1728 1603 1756 non

232 1787 596 1852 acquiescendum
618 1804 713 1833 esse
747 1786 846 1834 duxi
876 1787 920 1833 in
949 1786 1095 1833 relatis
1126 1798 1315 1833 veterum
1349 1787 1602 1851 scriptorum

231 1864 510 1919 testimoniis,
543 1880 651 1925 quae
683 1881 775 1908 rem
807 1864 992 1907 breviter
1024 1862 1381 1925 complectuntur,
1415 1863 1492 1907 sed
1513 1878 1601 1908 sce-

231 1937 330 1984 nica
359 1937 503 1992 initia,
538 1954 646 1999 quae
678 1936 723 1982 in
756 1936 934 1998 singulis
967 1935 1146 1982 cultibus
1171 1953 1216 1982 se
1239 1935 1468 1993 offerrent,
1501 1954 1600 1984 con-

231 2012 411 2059 ferenda
444 2029 538 2057 esse
569 2011 764 2057 iudicavi.
828 2010 930 2071 Quo
962 2010 1077 2057 facto
1111 2010 1331 2069 efficietur,
1368 2013 1525 2075 partim
1554 2025 1601 2059 ut

231 2088 324 2134 ludi
346 2086 432 2150 ipsi
452 2086 691 2132 accuratius
727 2102 854 2150 quam
886 2097 984 2131 ante
1018 2086 1109 2131 fieri
1134 2097 1303 2150 poterat
1334 2087 1599 2146 definiantur,

231 2163 406 2226 suisque
453 2161 715 2226 temporibus
762 2161 1079 2217 adscribantur,
1124 2162 1280 2224 partim
1320 2173 1365 2208 ut
1405 2162 1481 2209 illa
1511 2164 1599 2229 pri-

228 2238 398 2306 mordia
429 2249 638 2303 perpetuo
669 2255 780 2283 nexu
808 2237 1064 2301 pertinuisse
1095 2238 1408 2302 conspiciantur
1429 2239 1485 2285 ad
1510 2240 1598 2286 veri

229 2315 438 2361 dramatis
471 2313 692 2376 originem.

348 2387 544 2451 Tempus
601 2386 783 2434 feriandi
824 2396 867 2432 et
921 2387 1089 2433 occasio
1138 2386 1298 2433 lusibus
1346 2387 1597 2448 indulgendi

230 2462 430 2526 agricolis
481 2461 695 2508 Romanis
740 2473 827 2508 tam
877 2460 1122 2525 frequenter
1181 2478 1384 2509 concessa
1432 2461 1595 2514 inveni·

229 2549 311 2594 tur,
341 2549 408 2594 ut,
433 2538 583 2582 silex:
613 2547 803 2584 rizans
835 2546 1041 2582 IURGIA
1071 2545 1433 2591 AMOVENTO,
1464 2545 1591 2582 EAS—

233 2619 343 2667 QUE
382 2623 438 2659 IN
483 2622 761 2670 FAMULIS,
804 2621 1093 2658 OPERIBUS
1137 2620 1453 2669 PATRATIS,
1492 2621 1592 2663 HA-
