1730 3015
434 416 656 496 'VITA
700 409 1261 500 sempr-roms.

173 582 335 659 Natus
383 604 648 652 Monasterii
692 621 744 650 ex
793 606 1039 668 parentibus
1069 607 1247 653 >Herm.
1297 607 1444 654 Stieve
1494 619 1538 654 et

173 679 324 738 Anna,
380 680 520 744 gentis
570 678 916 743 Kruegerianae,
974 698 1043 727 an.
1100 686 1249 740 1804„
1306 693 1537 747 postquam
1619 697 1622 699 ’

176 749 459 819 Gymnasium
496 755 664 820 patriae
705 755 823 801 urbis
875 756 1121 802 testimonio
1170 757 1337 820 primae
1383 758 1536 804 classis

174 831 404 878 instructus
452 829 706 894 reliquerat,
750 831 1010 879 auctumnali
1052 842 1244 897 tempore
1285 849 1356 879 an.
1411 823 1537 879 1822.

176 905 339 953 civibus
389 904 680 970 philosophici
727 907 890 952 ordinis
933 907 1297 954 Monasteriensis
1346 907 1540 971 adsmip-

174 995 244 1041 tus
301 993 390 1039 est,
444 979 626 1037 Decano
686 981 934 1046 spectabili·
964 981 1181 1045 Rolingio]
1224 983 1373 1046 ibique
1417 982 1539 1029 audi·

173 1057 237 1103 vit
283 1055 592 1121 praelectiones
604 1092 618 1113 ,
650 1083 707 1093 —
754 1056 795 1102 J.
834 1056 995 1102 Christ.
1041 1057 1302 1115 Schlueteri‚
1349 1056 1415 1105 V.
1452 1056 1538 1115 CL,

176 1134 231 1180 de
273 1131 363 1184 stili
409 1130 514 1193 ling.
560 1130 709 1176 Germ.
757 1131 943 1188 theoria,
991 1132 1044 1177 de
1098 1130 1244 1179 Taciti
1290 1132 1538 1189 annalibus,

176 1207 351 1254 Horatii
392 1205 673 1263 carminibus,
713 1233 771 1241 —-
804 1206 1069 1264 Grothuesii‚
1116 1206 1179 1253 V.
1218 1207 1303 1265 CL,
1346 1208 1400 1255 de
1439 1224 1540 1272 psy-

176 1282 375 1345 chologia
409 1280 636 1345 empirica,
683 1308 741 1316 -—
779 1279 950 1337 Rathii,
988 1280 1051 1327 V.
1091 1282 1184 1336 CL,
1231 1283 1284 1328 de
1322 1281 1466 1345 logica
1500 1293 1545 1331 et

177 1359 230 1405 de
270 1355 431 1404 calculo
481 1354 748 1401 differentiali
784 1367 826 1402 et
869 1355 1092 1419 integrali,
1133 1382 1194 1391 —-
1243 1355 1452 1419 Rolingii,
1481 1356 1543 1403 V.

181 1433 267 1490 CL,
302 1432 357 1478 de
408 1429 588 1494 physica
624 1430 948 1494 experimentali
983 1443 1025 1477 et
1071 1431 1123 1477 de
1166 1432 1447 1478 astronomia.
1489 1459 1545 1467 —-

176 1507 352 1553 Deinde
383 1494 512 1568 quum
542 1505 764 1551 consilium
793 1505 1052 1568 philologiae
1084 1504 1233 1551 studiis
1263 1520 1442 1570 operam
1468 1522 1543 1551 na-

179 1581 310 1630 vandi
340 1592 383 1627 et
413 1580 634 1644 discipulis
676 1580 722 1626 in
753 1580 993 1643 Gymnasio
1035 1580 1275 1627 erudiendis
1315 1581 1450 1627 vitam
1481 1582 1546 1628 di·-

180 1657 309 1721 candi
338 1656 633 1703 confirmatum
662 1663 789 1712 esset,
823 1666 991 1718 patrem
1022 1672 1123 1702 vero
1154 1655 1355 1703 dilectum
1374 1656 1545 1719 longin—

182 1749 268 1798 quo
298 1731 449 1778 morbo
477 1730 745 1777 laborantem
766 1730 902 1793 pietas
926 1731 1123 1777 deserere
1143 1746 1232 1777 non
1252 1731 1422 1789 sineret,
1442 1747 1545 1778 con·

180 1807 314 1855 stituit
342 1822 497 1852 munus
527 1804 741 1868 publicum
771 1805 817 1850 in
849 1805 1088 1867 Gymnasio
1109 1806 1451 1852 Monasteriensi
1469 1822 1546 1870 ap-

181 1874 340 1947 Petere,
371 1897 456 1946 quo
485 1880 665 1943 fungens
697 1891 740 1927 et
769 1881 881 1944 patri
912 1880 1064 1927 adesse
1094 1891 1137 1927 et
1167 1880 1422 1945 disciplinae
1453 1881 1549 1929 offi-

185 1959 250 2005 cia
279 1973 536 2020 cognoscere
566 1968 724 2021 posset.
787 1956 921 2017 Igitur
948 1955 1166 2002 biennium
1197 1957 1340 2003 docuit
1367 1957 1550 2020 primum

187 2032 359 2096 quintae
402 2032 555 2078 deinde
577 2039 582 2046 ·’
598 2043 777 2095 quartae
820 2031 970 2078 classis
1021 2031 1280 2095 discipulos,
1328 2032 1550 2078 adiunctus

186 2107 403 2169 utriusque
433 2107 587 2153 classis
618 2107 835 2169 magistris
868 2106 1126 2163 ordinariis,
1152 2106 1360 2169 sinnflqne
1397 2106 1549 2152 iisdem

188 2182 313 2229 a'nnis
344 2181 707 2239 Kistemakerum,
737 2180 801 2228 V.
830 2181 914 2239 CL,
947 2197 1094 2228 sacros
1120 2179 1277 2243 libros,
1305 2208 1363 2214 -
1393 2180 1548 2226 Kater-

187 2255 418 2320 kampium,
441 2256 504 2303 V.
528 2257 613 2315 CL,
635 2256 861 2304 historiam
884 2257 1229 2313 ecclesiasticam,
1245 2281 1302 2290 ——
1327 2255 1550 2313 Essem,

189 2332 254 2380 V.
276 2332 358 2389 CL,
389 2332 560 2396 ipsique
581 2333 900 2390 amicissimum,
919 2331 1270 2396 encyclopediam
1282 2329 1553 2377 scientiarum

190 2406 590 2472 philosophicarum
612 2419 654 2455 et
674 2408 1001 2470 grammaticam
1016 2407 1221 2452 Latinam
1241 2405 1555 2468 Gmoeamque,

192 2493 451 2545 exponentes
482 2482 665 2537 audivit3
707 2499 919 2545 quumque
960 2500 1010 2528 eo
1051 2492 1242 2544 ternpore
1261 2481 1267 2487 ’
1284 2480 1558 2526 seminarium

193 2555 503 2621 philologicum·
530 2557 792 2604 Monasterii
821 2557 1166 2613 constitueretur,
1210 2555 1350 2603 socius
1386 2555 1558 2602 ordina-

194 2630 285 2678 rius
315 2632 686 2682 exercitationibus
715 2633 950 2698 propositis
974 2650 1002 2680 a
1027 2629 1356 2691 Nadermanno‚
1386 2630 1453 2679 V.
1476 2630 1562 2688 ct,
