1730 3015
807 186 883 248 31

173 339 323 398 etiam,
353 340 451 387 licet
470 337 708 394 obscurius,
724 323 919 388 imitatio
941 337 1150 399 quaedam
1170 347 1367 398 apparet,
1381 362 1383 365 v
1399 355 1521 399 prae-

172 425 300 461 tereo.
344 415 510 461 vUnum
541 422 705 468 autem,
736 411 790 457 in.
812 428 894 473 quo
917 422 1013 457 vere
1035 410 1238 458 Romana
1257 411 1407 474 religio
1427 430 1521 458 esse

173 490 517 544 videturaddam,
536 485 665 549 ,quod
694 487 858 542 nescio,
891 497 1031 535 utrum
1067 487 1154 534 iam
1185 486 1344 533 afviris
1368 486 1522 532 >doctis

171 565 442 610 observatum
473 562 553 617 sit,-
583 577 663 606 nec
692 577 760 605 ne.
820 560 1037 607 Amohius
1070 561 1163 607 adv.
1195 561 1325 607 Gent.
1356 560 1417 608 V.
1456 566 1521 606 18.

171 638 278 689 inter
309 637 395 684 alia
424 646 836 699 argtunenm‚,.quae
874 635 919 681 in
948 635 1159 698 mysteriis
1198 635 1367 682 Cereris
1405 637 1520 684 Bac-

171 713 267 772 chi„
284 713 475 774 Magnae
498 710 666 757 *Matris
698 709 962 773 aliorumque
993 710 1169 756 deorum
1207 710 1337 757 oculis
1379 711 1520 758 initia-

170 785 309 835 torum
352 787 571 833 imitando
602 785 973 848 proponebantur,
1017 783 1209 830 fabulam
1251 798 1420 843 narrat,
1468 789 1523 832 de

168 863 316 918 modo,
357 877 440 923 quo
473 860 647 907 Ocrisia
688 859 884 920 Servium
923 857 1119 905 Tullium
1155 859 1400 922 concepisse
1438 860 1522 907 fer-

136 939 247 994 'tur,
295 942 422 999 quam
464 936 660 982 novimus
705 953 755 981 ex
793 934 1028 997 Dionysio.
1059 933 1218 990 IV.12,
1264 945 1307 979 et
1364 935 1524 981 Ovidio

166 1011 286 1056 Fast.
316 1011 397 1057 VI.
434 1011 534 1067 627,
564 1027 659 1073 sqq.
686 1016 691 1021 ’
722 1009 850 1055 Hanc
890 1008 1080 1056 fabulam
1119 1007 1219 1055 dicit
1256 1009 1523 1057 occasionem

168 1086 332 1131 dedisse
372 1085 574 1147 mysteria
615 1083 930 1129 Conserentum
973 1085 1148 1129 deorum
1186 1084 1379 1129 faciendi.
1450 1086 1523 1131 De

169 1159 502 1205 Conserentibus
542 1157 740 1204 diis-cfr.
774 1157 982 1203 Gessneri
1011 1156 1220 1204 Thesaur.
1276 1158 1521 1206 Alexander

90 1267 94 1270 -
167 1234 221 1278 ab
252 1233 500 1278 Alexandro
530 1232 734 1294 colligens
775 1244 965 1277 veterum
995 1234 1048 1277 de
1078 1233 1159 1278 hac
1187 1250 1232 1277 re
1264 1234 1519 1292 testimonia,

168 1324 289 1354 sacra
318 1306 394 1353 illa
424 1307 479 1355 ad
512 1306 832 1371 Compitalitios
862 1305 988 1353 ludos
1018 1306 1161 1363 refert,
1202 1323 1309 1369 quos
1349 1308 1394 1354 in
1432 1309 1518 1356 La-

165 1381 620 1427 rium-venerationem
651 1398 678 1425 a
707 1381 859 1426 Servio
890 1379 1038 1426 Tullio
1069 1380 1284 1426 institutos
1315 1398 1408 1429 esse
1437 1394 1521 1428 tra-

164 1455 277 1501 didit·
302 1456 548 1502 Macrobius
579 1455 623 1501 in
653 1455 744 1503 Sat.
765 1455 800 1502 I.
822 1466 864 1510 7.

284 1531 446 1577 Omnia
485 1530 588 1576 haec
625 1529 831 1592 mysteria
869 1541 911 1575 et
947 1529 1035 1576 ludi
1072 1530 1235 1586 rustici,
1273 1531 1326 1576 de
1366 1533 1519 1594 quibus

166 1621 295 1669 supra
325 1605 482 1652 dictum
512 1616 587 1661 est,
627 1596 769 1650 minus
808 1604 853 1651 in
888 1603 1049 1651 Bacchi
1087 1622 1228 1668 quam.
1249 1605 1295 1652 in
1332 1607 1518 1670 reliquo·

164 1698 259 1725 rum
296 1681 473 1725 deorum
519 1679 630 1725 cultu
675 1680 1002 1741 usurpabantur‚
1048 1690 1089 1724 et
1127 1697 1279 1725 ‚revera
1322 1680 1518 1727 Bacchus

165 1754 280 1818 apud
316 1753 542 1801 Romanos
581 1770 670 1799 non
709 1752 755 1800 in
792 1770 867 1808 eo,
908 1770 992 1815 quo
1030 1752 1073 1798 in
1114 1753 1315 1811 Graecia,
1355 1755 1518 1802 honore

163 1828 332 1873 habitus
372 1836 467 1873 esse
505 1828 681 1872 videtur.
743 1827 794 1871 In
830 1827 942 1872 ludis
979 1827 1261 1890 agricolarum
1299 1839 1389 1875 tam
1422 1846 1521 1876 raro

162 1901 324 1961 Bacchi
353 1904 511 1948 mentio
543 1903 601 1960 fit,
631 1911 689 1958 ut,
730 1902 769 1946 si
798 1919 847 1947 ex
877 1901 944 1948 his
976 1902 1083 1947 solis
1112 1901 1281 1948 Romae
1322 1920 1391 1950 ars
1429 1921 1518 1951 sce-

163 1977 258 2022 nica
288 1988 390 2023 nata
420 1988 554 2033 esset,
592 1975 752 2022 nemini
790 1975 983 2040 profecto
1023 1977 1069 2022 in
1106 1988 1292 2023 mentem
1332 1979 1519 2025 venisset

162 2051 298 2111 poetis
352 2051 586 2098 acclamare
639 2050 854 2097 Graecum
897 2050 1027 2097 illud:
1092 2050 1229 2098 οὐδὲν
1280 2050 1393 2117 πρὸς
1437 2052 1520 2102 τόν

162 2123 403 2173 Διόνυσον.
463 2123 570 2174 Non
599 2125 768 2189 negabo
799 2125 996 2188 equidem
1021 2124 1188 2172 Romae
1217 2143 1384 2191 qnoque
1406 2128 1517 2176 Bac-

162 2196 230 2243 chi
259 2199 415 2246 cultum
445 2200 532 2246 late
563 2200 770 2263 patuisse,
808 2211 852 2246 et
881 2201 969 2246 scio
999 2217 1087 2246 non
1119 2201 1209 2247 sine
1239 2201 1400 2248 Libero
1433 2204 1515 2249 Ce-

162 2271 421 2318 rerisssacra
447 2275 495 2320 in
525 2275 734 2339 mysteriis
765 2274 880 2322 facta
911 2292 1017 2332 esse,
1047 2276 1124 2322 sed
1158 2275 1275 2322 chori
1294 2276 1357 2323 illi
1375 2276 1516 2340 splen-

163 2345 266 2402 didi,
297 2346 371 2408 qui
398 2347 446 2393 in
477 2348 664 2396 Graecia
693 2349 864 2396 laudem
892 2350 1016 2396 huius
1058 2350 1127 2396 dei
1156 2351 1362 2398 canebant
1370 2386 1383 2407 ,
1421 2350 1514 2397 Ro-

160 2436 257 2468 mae
280 2437 512 2484 =·nusquam
546 2423 810 2486 reperiuntur
845 2425 1028 2489 antiquis
1066 2424 1341 2487 temporibus·
1399 2425 1514 2472 Bac-

160 2493 354 2542 chanalia
382 2506 527 2542 autem
556 2494 758 2544 Romana
786 2498 832 2545 in
863 2499 1087 2545 discrimen
1116 2498 1258 2544 vocari
1285 2511 1511 2563 nequeunt,

160 2574 264 2616 sero·
286 2570 400 2617 enim
430 2570 706 2633 irrepserunt,
727 2578 789 2617 'et
819 2573 1001 2619 orientia
1031 2576 1190 2618 tantam
1223 2589 1389 2618 morum
1418 2588 1511 2618 cor-

159 2642 385 2703 ruptelam,
416 2655 625 2710 tantaque
656 2644 817 2709 flagitia
854 2645 1042 2695 Romam
1068 2647 1326 2705 detulerunt,
1369 2658 1416 2695 ut
1460 2667 1511 2699 ex
