1730 3015
771 159 808 221 9

105 311 178 374 gia
200 314 351 359 saltem
374 313 572 358 ludorum
593 312 824 373 agrestium
841 312 1009 359 ducunt.
1043 313 1143 360 Huc
1158 312 1269 359 trahi
1283 324 1465 376 possunt

109 405 216 452 quae
240 389 291 434 de
316 387 487 454 pompis
521 386 705 450 antiquis
729 404 806 450 per
833 404 969 452 pagos
997 389 1201 436 institutis
1228 388 1462 434 traduntur.

105 463 276 509 Deinde
296 463 549 508 sententiam
564 476 703 506 meam
719 463 905 525 probant
921 468 1107 511 carmina
1132 463 1338 519 bucolica,
1357 479 1464 525 quae

83 595 85 598 ι
107 538 264 584 existis
283 537 393 582 ludis
412 536 500 582 sine
518 535 778 583 dubitatione
806 548 911 593 orta,
937 539 1182 600 aptissimae
1208 537 1335 585 nobis
1366 547 1465 583 sunt

109 613 320 675 imagines
354 608 590 665 (εἰδύλλια)
614 621 700 655 tum
722 611 831 656 vitae
851 611 1046 669 rusticae,
1072 625 1161 658 tum
1185 615 1463 659 certaminum

108 699 234 751 atque
254 687 593 739 delectationum,
623 685 775 747 quibus
791 697 986 750 pastores
1003 688 1133 751 prisci
1148 689 1279 734 festos
1298 689 1388 734 dies
1414 704 1461 733 a-

105 762 275 824 gebant.
314 761 438 806 Haec
463 771 605 805 autem
629 760 792 805 cantica
815 772 1036 823 pastorum
1058 779 1146 806 non
1167 780 1244 825 per
1270 763 1462 808 Siciliam

104 836 255 892 solum,
280 835 358 879 sed
381 835 508 879 etiam
531 852 608 898 per
625 846 756 880 totam
775 835 1002 898 Graeciam
1020 836 1188 899 vulgata
1205 837 1347 893 luisse,
1372 848 1460 882 sta-

101 910 302 957 tuendum
323 927 415 956 esse
434 910 585 967 iudico,
609 911 806 973 idemque
827 922 971 957 censet
991 909 1181 957 Naekius
1203 912 1246 956 in
1269 913 1461 974 proemio

100 984 194 1029 Ind.
220 984 433 1030 Praelect.
465 985 510 1029 in
536 984 673 1030 Acad.
703 984 845 1030 Rhen.
879 985 1061 1031 Bomss.
1099 985 1392 1031 habendarum
1421 1004 1461 1032 a.

104 1065 231 1116 1823,
248 1078 342 1106 cum
359 1076 442 1122 quo
465 1061 701 1123 comparari
721 1072 864 1124 potest
882 1061 941 1107 O.
961 1060 1160 1106 Mueller.
1179 1062 1223 1106 in
1245 1061 1363 1106 Hist.
1380 1062 1461 1108 III.

97 1152 142 1196 p.
160 1141 264 1190 345,
304 1150 399 1196 sqq.
425 1135 496 1197 qui
522 1134 630 1181 hanc
646 1153 736 1181 rem
759 1136 932 1200 copiose
967 1135 1161 1200 exposuit
1189 1141 1241 1189 1).
1272 1136 1310 1181 F
1313 1154 1458 1183 escen-

97 1208 188 1252 nini
201 1208 418 1253 cuiusdam
429 1209 546 1254 lusus
563 1209 764 1272 reliquias
780 1211 1015 1255 invenimus
1033 1211 1146 1271 apud
1159 1211 1458 1269 Athenienses,
1501 1240 1503 1243 f

100 1283 173 1346 qui
201 1282 245 1328 in
277 1283 461 1328 secunda
491 1282 861 1330 Anthesteriorum
899 1284 967 1330 die
1006 1284 1193 1330 curribus
1233 1286 1342 1331 vecti
1384 1287 1460 1333 oh-

98 1359 191 1402 vios
236 1358 485 1402 deridebant
526 1370 568 1403 et
607 1359 807 1404 conviciis
839 1360 1062 1414 vexabant,
1106 1360 1222 1403 cuius
1251 1377 1354 1405 usus
1397 1373 1461 1406 te-

98 1433 301 1479 stimonia
346 1432 518 1495 collegit
557 1433 777 1480 Meursius
820 1434 864 1479 in
909 1434 1091 1480 Graecia
1131 1433 1281 1480 feriata
1321 1454 1366 1499 p.
1390 1447 1459 1492 29.

97 1505 350 1553 Notandum
371 1519 524 1564 autem,
548 1509 675 1553 etiam
697 1509 741 1554 in
762 1508 844 1554 hoc·
863 1508 988 1565 festo,
1012 1525 1143 1571 aeque
1166 1520 1292 1571 atque
1310 1511 1353 1555 in
1373 1513 1458 1557 Sa-

97 1583 346 1640 turnalibus,
380 1583 504 1646 quasi
533 1583 578 1629 in
608 1585 857 1630 memoriam
889 1584 1042 1630 veteris
1065 1584 1341 1647 agriculturae
1363 1603 1455 1632 ma-

96 1658 230 1704 iorem
271 1657 484 1703 licentiam
527 1659 660 1704 servis
703 1676 948 1705 concessam
988 1676 1096 1704 esse.
1160 1659 1252 1704 Cfr.
1286 1660 1454 1708 Meurs.

94 1734 195 1780 ibid.
216 1753 260 1798 ps
283 1733 353 1779 26.
383 1732 608 1781 Eleusinia
628 1734 962 1792 Atheniensium,
996 1749 1103 1798 quae
1134 1753 1229 1781 cum
1248 1736 1456 1799 religione

190 1882 242 1929 1).
259 1883 383 1929 Quam
408 1882 492 1919 vim
518 1882 561 1919 in
586 1883 739 1931 Idyllia,
774 1890 811 1921 et
836 1883 1043 1932 praecipue
1068 1883 1111 1920 in
1136 1885 1334 1924 Theocriti
1359 1901 1456 1937 poe-

97 1940 161 1977 sin
186 1940 391 1977 habuerint
417 1942 632 1990 Sophronis
658 1943 783 1987 Mimi,
821 1943 1035 1980 diiudicare
1061 1957 1142 1979 non
1166 1945 1314 1990 ausim3
1348 1960 1457 1998 mag-

94 2011 183 2035 nam
214 2007 340 2036 autem
367 2000 485 2037 fuisse
518 2009 605 2049 post
636 2003 825 2038 Valcken.
851 2004 952 2039 Diss.
979 2003 1022 2038 in
1043 2011 1310 2053 argumentum
1326 2007 1454 2044 Adon.

93 2069 223 2113 nemo*
245 2058 413 2108 negabit.
464 2061 692 2098 Theocritus
731 2061 773 2097 in
808 2062 1068 2099 Adoniazusis
1103 2063 1223 2113 magis
1261 2078 1378 2114 quam
1413 2068 1456 2104 in

94 2117 229 2154 ceteris
255 2118 427 2156 imitatus
459 2132 539 2157 esse
564 2120 720 2158 videtur
751 2122 1006 2170 Sophronem,
1047 2123 1152 2172 quod
1187 2124 1345 2162 certiora
1379 2130 1457 2164 sal-

92 2182 170 2213 tem
198 2179 534 2225 grammaticorum
559 2180 778 2217 testimonia
804 2181 980 2230 probant,
1015 2183 1079 2219 sed
1114 2183 1156 2219 in
1189 2184 1275 2221 aliis
1299 2198 1455 2235 quoque

93 2235 342 2285 carminibus,
370 2251 468 2288 quae
493 2251 574 2275 non
599 2246 691 2276 sunt
716 2236 807 2277 ὅλως
833 2240 1086 2290 ὃιηγηματικά,
1115 2245 1236 2279 multa
1256 2251 1355 2281 certe
1376 2246 1458 2282 Mi-

92 2295 296 2345 mographi
332 2296 597 2337 inveniremus
641 2313 843 2348 expressa,
886 2302 918 2338 si
951 2302 1106 2338 fortuna
1140 2303 1293 2339 mitiore
1323 2305 1453 2342 animo

93 2354 175 2391 eius
201 2355 341 2402 scripta
368 2365 564 2395 servasset.
612 2358 653 2394 Si
680 2367 808 2396 autem
842 2362 907 2398 cui
941 2361 1071 2398 minus
1105 2360 1306 2408 probatum
1342 2364 1455 2400 vide-

92 2414 333 2462 tur,'1dynia
358 2414 400 2451 in
425 2416 632 2455 discrimen
666 2431 815 2465 vocare,
853 2421 931 2458 sint
963 2421 1061 2457 mihi
1098 2420 1317 2458 testimonio
1351 2425 1455 2461 anti-

94 2486 259 2523 quorum
294 2476 523 2511 Graecorum
558 2478 741 2515 ludorum
780 2481 993 2529 Sophronis
1027 2480 1153 2525 Mimi,
1193 2487 1231 2516 et
1268 2494 1326 2519 res
1368 2483 1455 2532 ipsa

90 2543 171 2569 non
201 2540 380 2580 mutatur.
428 2534 491 2570 Ad
519 2535 720 2591 ingenium
736 2540 949 2577 Mimorum
977 2538 1191 2588 Sophronis
1217 2551 1455 2592 cognoscen-

91 2591 185 2629 dum
212 2606 292 2631 non
319 2607 458 2644 parum
483 2595 574 2633 facit
601 2599 711 2635 locus
735 2600 837 2648 Lydi
868 2601 916 2639 de
943 2598 1044 2651 Mag.
1071 2602 1181 2637 Rom.
1200 2602 1228 2638 Ι.
1246 2599 1306 2648 41,
1334 2616 1453 2654 quem

90 2650 373 2692 Valckenarius
400 2654 534 2693 'aflerre
557 2665 641 2695 non
663 2665 824 2706 poterat.
1064 2668 1066 2670 ’
