1730 3015
432 342 612 391 Patricii
641 341 832 390 Romani
862 352 986 389 erant
1017 353 1115 389 ante
1145 341 1339 389 Romam
1370 341 1623 397 conditam.;
1659 324 1687 351 ἰ’
1714 392 1718 397 ,

635 465 639 469 Α
963 417 1021 464 11.
1129 476 1131 478 ,
1242 470 1248 478 ,
1629 406 1636 413 ’
1714 404 1717 407 ’

429 493 621 541 Ernestii
652 493 777 541 CIav.
808 492 902 539 Cic.
935 493 1159 550 sententia,
1189 480 1409 539 >divisores
1448 503 1490 540 et
1531 492 1672 542 diribi-

308 581 422 616 tores
453 570 588 615 fuisse
619 569 796 615 eosdem
824 564 936 614 falsa
966 579 1046 613 est.
1376 570 1379 572 ’
1464 562 1487 589 7
1635 567 1637 570 ’

950 643 1030 690 ΠΙ.

429 719 541 767 Salii
574 719 819 766 sacerdotes
835 765 837 767 ,
853 735 880 764 a
910 716 1059 764 Numa
1089 718 1273 764 instituti
1288 733 1392 765 'non
1422 728 1534 763 sunt.

953 792 1039 838 IV.

428 869 594 916 Locum
623 869 846 932 Euripidis
885 868 932 913 in
962 867 1126 913 Medea
1156 886 1196 913 v.
1225 876 1354 914 1021.
1385 884 1513 913 nemo
1543 866 1669 914 inter·
1716 886 1718 890 ·

307 956 474 1009 pretum
487 946 491 949 ’
503 943 722 991 intellexit.

955 1017 1020 1064 V.

424 1094 674 1157 Religiones
695 1093 924 1139 Romanae
946 1109 972 1138 a
994 1092 1174 1139 Graecis
1195 1093 1369 1139 omnino
1391 1093 1654 1140 differebant.

943 1167 1030 1214 VI.

425 1244 651 1303 Poeticum
694 1243 912 1307 ingenium
954 1241 1166 1290 Romanis
1213 1258 1240 1289 a
1278 1254 1432 1289 natura
1470 1254 1677 1306 negatum-

307 1332 412 1367 erat.

986 1394 1009 1438 I
1034 1428 1045 1438 .

422 1439 544 1517 Loco
581 1468 894 1516 Demosthenis
926 1392 1083 1515 gulin
1112 1468 1368 1515 Pantaenet.
1399 1487 1442 1533 p.
1465 1475 1566 1526 933.
1598 1469 1663 1517 ed.

301 1544 452 1591 Reisk.
485 1545 756 1590 scribendum
787 1555 872 1589 est:
904 1542 1125 1591 ἀκουσίου
1154 1542 1314 1610 φόνου.

915 1618 1044 1664 VIII.

419 1694 611 1740 Ennium
653 1711 779 1740 versu
826 1693 998 1739 heroico
1043 1694 1228 1758 primum
1273 1696 1391 1759 apud
1438 1694 1661 1741 Romanos

299 1786 425 1816 usum
455 1786 551 1815 esse
585 1769 866 1814 demonstrari
897 1768 1056 1832 nequit.

937 1843 1016 1888 IX.

416 1918 707 1982 Vituperandi
739 1930 838 1965 sunt
867 1917 1061 1964 Romani
1090 1930 1318 1984 propterea
1350 1920 1467 1985 quod
1497 1919 1658 1967 Atella-

296 2011 377 2040 nas
408 1993 577 2039 fabulas
610 1995 760 2040 docere
792 1993 1078 2039 instituerunt.

950 2067 1008 2113 X.

416 2145 595 2190 Summa
623 2143 748 2188 laude
781 2143 898 2203 digni
930 2155 1027 2190 sunt
1056 2143 1246 2191 Romani
1278 2147 1395 2208 quod
1431 2144 1655 2192 Atellanas

293 2217 465 2265 fabulas
496 2218 541 2264 in
571 2217 734 2264 honore
765 2217 996 2264 habebant.

413 2368 641 2433 Religione
673 2369 843 2417 sublata
873 2294 1148 2435 phijlgsophia
1179 2382 1245 2418 est
1275 2362 1405 2419 nulla.

413 2518 701 2586 Philosophia
734 2520 902 2571 sublata
926 2445 1146 2570 ii1lti2ilecta
1175 2520 1328 2585 religio
1358 2511 1532 2566 tollitur.

843 2677 1110 2693 ψ
