1730 3015
897 144 983 220 72

255 303 343 350 eius
379 299 712 367 (grammatices)
745 298 957 344 mediocre
989 297 1150 344 extitit:
1181 295 1392 360 siquidem
1413 296 1621 361 antiquis->

259 371 625 432 simi'doctorum,
659 374 731 438 qui
760 374 891 420 iidem
922 384 964 419 et
982 385 1146 438 vpoetae
1178 384 1220 420 et
1250 383 1455 431 oratores,
1495 372 1622 419 semi-

257 454 398 517 graeei
418 463 551 508 crant,
584 450 758 496 Livium
789 461 830 496 et
853 449 1043 495 Ennium
1074 450 1183 507 dico,
1214 465 1321 512 qnos
1343 459 1520 511 utraque
1542 447 1624 494 lin-

260 545 345 590 gua
377 527 494 573 domi
523 525 713 589 forisque
746 523 939 571 docuisse
972 525 1175 570 adnotum
1205 534 1271 569 est
1300 533 1375 569 etc.
1408 549 1466 557 —
1498 523 1625 569 etiam

263 602 431 647 Livium
500 600 805 662 semigraecum
870 599 1038 656 audi-re,
1098 599 1239 661 itaque
1312 614 1402 642 non
1463 598 1626 645 maiore

259 676 349 722 iure
380 694 426 721 m
455 674 576 722 Festi
607 685 769 722 textum
797 674 1088 739 recipiendum
1119 690 1232 730 esse,
1263 675 1393 735 ‘quam
1423 672 1627 720 Ennium.

262 749 367 797 Nou
409 751 553 798 minus
602 762 759 796 temere
805 753 851 796 in
896 750 1123 796 discrimen
1164 759 1367 795 vocantur
1408 748 1627 806 dictiones,

264 825 440 889 quales,
488 825 650 884 „Pater
690 825 902 881 Ennius,“
947 835 989 870 et
1017 823 1217 880 „Ennius
1256 822 1400 869 Latini
1431 823 1628 869 carminis

263 907 455 957 auetor‚“
485 911 527 944 et
548 899 671 955 aliae,
704 915 808 960 quas
841 898 1003 960 passim
1033 897 1244 952 invenies;
1279 899 1428 960 quibus
1457 899 1630 961 quidem

264 973 547 1020 demonstrari
578 983 722 1035 potest
751 972 942 1019 Ennium
970 970 1151 1016 coluisse
1183 982 1225 1016 et
1253 972 1413 1017 ditasse
1439 973 1629 1034 linguam

265 1047 495 1103 Latinam,
542 1058 584 1092 et
629 1047 814 1110 primum
861 1045 1016 1090 Latine
1059 1045 1263 1090 cecinisse
1306 1063 1413 1108 quae
1446 1057 1639 1092 aetatem.

212 1123 223 1133 ⁴
267 1121 429 1167 ferrent
459 1121 611 1184 digna,
642 1125 923 1176 non'autem,
965 1137 1061 1165 eum
1104 1118 1317 1166 Graecum
1356 1120 1505 1167 vocari·
1541 1137 1630 1176 non

264 1196 472 1260 potuisse.
536 1196 728 1241 Ennium
771 1195 921 1241 deinde
965 1213 1059 1241 eam
1096 1194 1152 1240 ob
1201 1212 1372 1241 causam
1422 1213 1473 1241 ex
1514 1195 1632 1242 Festi

266 1271 362 1317 loco
409 1270 735 1335 expungendum
778 1287 895 1326 esse,
943 1270 1058 1333 quod
1102 1281 1285 1326 constet,
1329 1287 1425 1315 eum
1466 1270 1630 1318 litteras

267 1362 357 1392 non
420 1346 685 1412 duplicasse,
761 1362 849 1391 non
909 1356 1063 1409 exputo
1127 1361 1210 1407 quo
1271 1345 1399 1390 modo
1457 1346 1633 1409 probari

268 1421 435 1485 possit,
498 1438 627 1484 quum
682 1430 869 1467 veterum
931 1420 1198 1476 testimonia,
1260 1437 1366 1483 quae
1424 1438 1503 1484 pro
1553 1421 1633 1468 hac

267 1514 313 1542 re
354 1496 606 1551 afferuntur,
655 1505 743 1540 tarn
786 1495 968 1540 obscura
1007 1496 1112 1551 sint,
1152 1506 1197 1540 ut
1234 1495 1386 1540 veritas
1419 1495 1487 1540 vix
1530 1514 1631 1542 enu-

268 1571 399 1618 cleari
449 1581 587 1634 queat.
659 1569 778 1615 Vide
823 1569 959 1626 enim,
1008 1587 1115 1634 quos
1162 1569 1278 1616 locos
1332 1570 1534 1617 Osannus
1585 1573 1634 1617 in

271 1664 396 1691 suum
420 1663 560 1694 usum
597 1645 791 1690 verterit:
838 1644 1013 1700 „Ennio
1066 1644 1253 1690 delector
1302 1645 1361 1691 ait
1408 1646 1633 1709 quispiam,

271 1720 390 1784 quod
450 1737 539 1767 non
600 1719 775 1765 discedit
835 1735 862 1764 a
912 1719 1125 1765 communi
1181 1737 1300 1766 more
1365 1721 1634 1767 verborum.“

270 1794 379 1842 Non
415 1795 540 1842 facile
578 1794 857 1856 intelligitur,
902 1795 973 1857 qui
1014 1795 1068 1840 sit
1108 1794 1179 1840 ille
1225 1795 1495 1851 „communis
1538 1813 1632 1842 mos

274 1870 542 1925 verborum‚“
593 1869 670 1916 sed
721 1870 773 1915 de
823 1869 963 1914 verbis
1014 1869 1252 1926 inusitatis,
1303 1881 1459 1915 temere
1511 1871 1634 1928 fictis,

277 1944 384 1988 mire
431 1944 677 2006 compositis
723 1943 865 2005 potius
910 1943 1018 1999 dici,
1072 1959 1201 2005 quam
1251 1943 1302 1988 de
1351 1944 1481 1989 modo
1531 1945 1635 1991 scri-

277 2029 452 2083 pturae,
494 2017 762 2080 perspicuum
803 2016 981 2062 videtur.
1044 2016 1162 2063 Tum
1204 2017 1488 2065 animadverte
1524 2019 1636 2067 hanc

278 2110 369 2139 non
412 2108 507 2137 esse
552 2091 806 2138 sententiam
849 2090 1091 2147 Ciceronis,
1141 2093 1234 2138 sed'
1265 2093 1497 2155 cuiuspiam
1542 2095 1635 2140 lau-

278 2167 476 2213 datorum
530 2165 694 2232 antiqui
745 2166 971 2230 temporiS,
1028 2166 1080 2213 de
1138 2184 1221 2234 quo
1271 2168 1476 2216 Horatius
1535 2186 1635 2235 que-

277 2254 410 2288 ntur:

398 2315 565 2364 Nostra
597 2316 675 2363 sed
704 2317 939 2381 impugnat,
969 2334 1049 2363 nos
1080 2329 1309 2383 nostraque
1339 2319 1493 2365 lividus
1531 2319 1636 2365 odit.

280 2394 430 2455 Itaque
463 2394 515 2438 de
546 2392 681 2438 Ennii
712 2392 893 2438 dictione
925 2411 975 2439 ex
1006 2393 1225 2441 Ciceronis
1257 2394 1352 2440 loco
1383 2412 1471 2440 non
1499 2394 1637 2457 magis

282 2468 514 2530 quidquam
555 2467 797 2514 confirmari
838 2479 1002 2530 potest,
1044 2487 1171 2532 quam
1211 2470 1263 2515 de
1294 2469 1474 2516 Pacuvii
1502 2470 1636 2516 versi-

281 2544 387 2598 bus,
421 2543 473 2588 de
505 2543 657 2605 quibus
689 2542 847 2588 ibidem
878 2533 1055 2606 legitur:
1101 2545 1320 2600 „Pacuvio
1361 2545 1496 2607 inquit
1528 2544 1637 2590 alius

285 2617 527 2672 (delector);
561 2628 709 2665 omnes
742 2618 857 2680 apud
881 2618 1000 2664 hunc
1037 2621 1177 2666 ornati
1215 2620 1500 2683 elaboratique
1542 2631 1640 2665 sunt
