1730 3015
700 175 778 249 75

68 329 224 395 posito,
255 327 401 384 omnia
431 340 538 388 quae
567 342 803 390 repugnare
844 327 1096 375 videbantur
1136 327 1245 374 bene
1283 328 1417 393 expli-

69 416 237 458 cantur3
285 410 503 464 recuperet
548 399 687 464 itaque
737 401 904 449 Ennius
955 422 1094 450 suum,
1127 402 1267 450 locum
1308 404 1421 465 apud

0 509 4 512 -
66 479 255 524 Festum.

185 550 358 596 Livium
387 549 690 607 Andronicum,
723 566 851 613 quum
880 549 1069 598 Romam
1099 554 1301 610 venisset,
1331 552 1420 617 pri-

69 644 184 674 mum
224 625 269 669 in
313 624 511 669 servitute
554 624 731 681 vixisse,
774 626 923 671 deinde
964 629 1267 673 manumissum
1311 645 1419 685 esse,

70 701 270 746 docemur
301 699 354 745 ab
387 698 652 761 Hieronymo
685 699 728 744 in
759 698 919 745 Euseb.
945 700 1105 746 Chron.
1137 702 1192 746 ad
1214 702 1289 747 Ol.
1317 708 1421 754 148:

68 775 225 833 „Titus
245 773 394 818 Livius
416 773 732 836 tragoediarum
764 774 945 836 scriptor
973 774 1108 819 clarus
1129 775 1317 832 habetur,
1350 776 1422 838 qui

70 850 125 895 ob
162 848 325 910 ingenii
367 847 563 893 meritum
603 865 629 893 a
658 847 784 893 Livio
828 848 1065 894 Salinatore
1107 849 1222 895 cuius
1267 849 1422 896 liberos

70 922 286 969 erudiebat
316 921 508 968 libertate
545 923 726 968 donatus
758 926 863 968 est·''
923 922 1126 969 Osannus
1158 922 1423 986 Hieronymo

68 998 193 1042 fidem
227 997 464 1060 denegavit,
498 998 612 1061 quod
642 997 817 1043 Marcus
849 997 999 1042 Livius
1031 998 1260 1055 Salinator,
1305 999 1421 1045 cuius

68 1072 224 1117 liberos
257 1072 461 1117 educasse
500 1073 662 1117 dicatur
691 1072 971 1128 Andronicus,
1015 1084 1111 1117 ante
1143 1089 1299 1118 annum
1331 1081 1417 1118 513

67 1146 216 1199 liberisv
242 1146 413 1208 gavisus
445 1162 539 1192 esse
568 1163 655 1191 non
684 1147 878 1209 potuerit,
912 1164 1015 1210 quos
1050 1147 1255 1204 Graecus,
1289 1166 1419 1211 quem

68 1231 242 1284 propter
281 1220 437 1265 liberos
480 1220 678 1266 educatos
716 1214 939 1265 liberatum
989 1232 1086 1266 ante
1135 1239 1292 1267 annum
1332 1231 1418 1267 513

72 1304 171 1358 (quo
202 1295 383 1358 primam
414 1292 604 1341 fabulam
633 1294 779 1347 edidit)
817 1305 997 1340 statuere
1031 1295 1241 1351 debemus,
1284 1297 1421 1343 erudi·

69 1371 200 1414 verit:
233 1380 426 1413 constare
459 1369 571 1413 enim
602 1381 652 1413 ex
684 1368 959 1433 scriptoribus
991 1368 1161 1414 Livium
1191 1370 1311 1415 illum
1342 1372 1422 1417 Sa-

72 1444 295 1496 linatorem
336 1462 377 1489 u.
418 1462 453 1490 c.
496 1444 582 1490 566
636 1462 729 1490 cum
780 1444 933 1490 Marco
989 1443 1170 1491 Valerio
1228 1444 1424 1493 Messala
1459 1505 1464 1508 .

72 1519 336 1566 consulatum
366 1519 518 1581 egisse.
580 1519 632 1563 In
662 1519 743 1564 hoc
774 1530 912 1565 autem
944 1521 1108 1565 erravit.
1162 1519 1277 1566 Nam
1299 1521 1419 1566 Mes-

74 1580 200 1640 salae'
232 1593 395 1653 collega
436 1610 548 1638 anno
586 1594 671 1637 566
715 1593 844 1639 Caius
881 1593 1031 1639 Livius
1066 1593 1284 1640 Salinator
1325 1594 1418 1641 fuit.

73 1669 170 1714 Liv.
192 1668 447 1714 XXXVIII.
465 1665 554 1724 ⁶:35„
581 1668 656 1719 cfr.
677 1667 796 1713 Fast.
820 1667 954 1713 Cons.
1015 1667 1191 1713 Marcus
1222 1685 1321 1714 vero
1343 1669 1419 1715 Li-

74 1744 166 1788 vius
218 1743 376 1795 clarus,
405 1742 451 1787 in
489 1741 708 1805 republica
754 1741 1086 1786 administranda
1127 1752 1223 1787 ante
1269 1759 1417 1788 secun-

77 1818 175 1863 dum
205 1818 413 1864 Punicum
442 1816 601 1862 bellum
636 1816 889 1873 habebatur,
932 1827 974 1861 et
1013 1816 1160 1862 consul
1198 1828 1306 1874 crat,
1346 1829 1420 1864 aut

75 1893 162 1939 iam
191 1893 339 1949 suerat,
383 1910 509 1956 quum
539 1908 578 1937 a.
610 1897 710 1936 535.
751 1902 875 1954 capto
905 1892 1104 1953 ,Sagunto
1146 1909 1224 1954 per
1254 1892 1420 1938 Harni-

75 1968 219 2013 halem
249 1968 413 2030 legatus
455 1966 758 2029 Carthaginem
798 1965 1049 2011 mittebatur.
1087 1966 1185 2011 Liv.
1206 1967 1326 2013 XXI.
1353 1974 1420 2013 13.

77 2040 138 2085 Et
157 2041 235 2093 ,hic
265 2042 378 2087 idem
409 2053 474 2087 est
503 2041 680 2087 Marcus
711 2040 873 2096 Livius,
904 2040 968 2092 cui
997 2051 1146 2103 postea
1168 2041 1418 2087 Salinatoris

78 2130 234 2160 nomen
262 2116 453 2173 inditum,
493 2115 619 2179 quod,
661 2132 812 2162 censor
849 2125 1026 2172 creatus,
1068 2133 1226 2162 novum
1264 2116 1420 2163 salina-

78 2188 188 2233 rium
217 2191 396 2252 vectigal
426 2191 675 2237 instituerat.
714 2190 777 2234 Id.
799 2189 1009 2235 XXXIX.
1033 2200 1102 2243 37.
1144 2190 1270 2236 Hunc
1308 2191 1428 2240 Sah-⁴

78 2274 272 2321 natorem
291 2254 377 2310 non
398 2266 574 2312 alterum
596 2282 689 2312 esse
710 2276 834 2327 atque
854 2264 973 2311 illum
993 2264 1173 2320 Livium,
1204 2264 1300 2310 inde
1320 2283 1417 2327 per-

79 2338 272 2401 spicitur,
316 2340 430 2401 quod
470 2339 617 2386 consul
659 2339 725 2385 Μ.
755 2339 905 2385 Livius
943 2349 1042 2401 post
1080 2337 1340 2384 consulatum
1378 2351 1420 2386 et

79 2411 334 2475 legationem
365 2429 391 2458 a
420 2414 580 2479 populo
610 2414 846 2471 damnatus,
889 2424 931 2460 et
961 2425 1055 2460 octo
1084 2412 1204 2457 annis
1232 2426 1420 2476 praeter-

80 2487 216 2552 lapsis
247 2506 273 2534 a
293 2487 534 2535 consulibus
561 2489 613 2546 in·
634 2489 781 2534 urbem
812 2489 1005 2535 reductus
1037 2498 1113 2545 est,
1145 2487 1206 2532 Id.
1226 2488 1420 2537 XXVII.

83 2573 162 2614 34:
193 2581 339 2612 censor
367 2562 436 2609 M.
455 2562 603 2626 Livius
632 2564 696 2611 ira
724 2564 1057 2628 persequebatur
1086 2579 1174 2619 eos,
1206 2563 1277 2629 qui
1298 2564 1417 2611 dam-

85 2638 269 2705 nationis
299 2649 491 2688 auctores
526 2638 706 2697 filerant,
747 2649 789 2686 et
822 2640 869 2686 in
909 2638 1051 2704 pretio
1082 2637 1183 2685 salis
1219 2640 1437 2692 constitu-,
