1730 3015
923 105 1005 183 74

289 263 556 331 peregrinum
587 261 823 309 :hominem
865 261 986 325 sequi
1034 262 1267 319 dedebant,
1307 262 1562 326 praesertim
1597 261 1644 308 in

291 341 464 407 publico
500 347 796 394 monumento,
837 337 882 383 in
928 354 1012 400 quo
1043 339 1237 401 antiquus
1285 336 1497 383 scribendi
1540 352 1642 381 usus

294 416 448 463 diutius
495 422 706 477 servatur,
758 423 800 457 et
850 412 1043 474 geminae
1083 413 1245 459 litterae
1291 423 1517 476 propterea
1554 427 1643 457 non

286 490 414 537 vfacile
457 488 731 543 adhibentur,
774 488 886 549 quod
927 488 999 551 qui
1036 488 1199 551 lapides
1240 497 1279 532 et
1309 502 1408 533 aera
1437 485 1640 542 incidunt,

290 566 345 611 ob
377 564 581 609 materiae
614 561 903 608 difficultatem
932 563 1049 627 parci
1072 574 1168 609 sunt
1190 562 1451 607 litterarum?
1483 560 1544 606 Et
1562 561 1641 605 >de-

285 639 427 703 nique‚
460 637 534 701 qui
562 636 685 682 huius
716 637 825 682 aeris
857 632 987 683 causa
1017 634 1205 683 Ennium
1236 655 1257 683 e
1287 635 1405 682 Festi
1444 635 1538 682 loco
1570 653 1642 681 ex-

286 714 473 769 trudunt,
504 713 649 759 nescio
681 729 765 775 quo
795 712 882 758 iure
913 711 1086 759 Livium
1117 711 1341 757 defendere
1372 711 1525 767 velint,
1569 710 1642 773 qui

280 788 350 850 sic
391 787 526 834 multo
569 787 722 832 minus·
746 798 894 832 auctor
942 787 1245 849 geminatarum
1284 786 1515 832 litterarum
1558 784 1642 831 dici

286 863 441 928 possit.
462 890 521 896 --
551 862 638 907 Sed
650 872 830 916 constat,
862 877 995 923 neque
1015 876 1094 922 ego
1115 861 1300 922 negabo,
1323 860 1494 905 Livium
1506 859 1641 905 multa

288 938 457 984 Graeca
477 936 521 981 in
543 951 780 980 sermonem
798 933 995 979 Latinum
1021 933 1224 991 intulisse,
1248 953 1282 980 e.
1292 953 1332 997 g.
1360 935 1638 997 dacrymas

283 1028 364 1076 pro
396 1009 676 1066 lacrimas,
715 1009 896 1055 dautia
941 1025 1021 1072 pro
1062 1008 1243 1054 lautia
1287 1008 1349 1055 V.
1385 1008 1547 1055 Varro.
1585 1009 1638 1055 de
1665 1022 1674 1030 ·

225 1101 236 1109 ³
283 1086 338 1132 L.
362 1085 417 1131 L.
452 1083 536 1131 IV.
578 1096 615 1142 1,
676 1084 830 1130 Festus
869 1102 908 1129 v.
941 1083 1193 1147 Dacrymas.
1258 1084 1378 1130 Idem
1414 1076 1556 1130 auteni
1586 1085 1638 1131 de

280 1161 429 1207 Ennio
472 1159 684 1204 affirmare
728 1175 815 1203 non
846 1158 1005 1203 dubito.
1066 1159 1130 1204 Ut
1160 1158 1272 1204 enim
1302 1170 1490 1216 taceam,
1524 1146 1640 1222 quod

281 1246 431 1282 notum
462 1244 545 1291 est,
576 1232 688 1279 bunc
718 1232 852 1300 multa
883 1252 933 1279 ex
965 1233 1225 1280 Graecorum
1256 1234 1422 1297 scriptis
1454 1246 1636 1280 transtu·-

282 1310 410 1366 lisse,
442 1326 549 1373 quae
578 1326 645 1354 res
679 1309 733 1353 ad
762 1308 978 1370 ingenium
1001 1309 1086 1353 eius
1117 1310 1455 1370 cognoscendum
1481 1310 1636 1373 potius,

284 1403 413 1450 quam
445 1385 501 1430 ad
531 1395 721 1430 nostram
755 1385 1041 1447 quaestionem
1071 1384 1272 1447 pertinet,
1312 1401 1436 1431 nemo
1477 1385 1634 1430 infitias

280 1461 369 1517 ibit,
400 1460 446 1505 in
475 1459 723 1521 fragmentis
755 1458 879 1504 huius
910 1471 1059 1522 poetae
1090 1460 1222 1504 multa
1242 1460 1447 1505 vocabula
1469 1459 1637 1506 Graeca

278 1534 482 1591 inveniri,
514 1551 692 1597 quorum
724 1534 934 1596 quaedam
966 1533 1135 1597 collegit
1167 1534 1379 1580 Columna
1409 1535 1438 1579 l.
1469 1534 1497 1580 l.
1528 1552 1569 1597 p.
1588 1535 1631 1580 6.

277 1610 449 1657 Deinde
479 1609 709 1654 memoriae
741 1608 954 1670 proditum
975 1620 1052 1664 est,
1082 1609 1272 1654 Ennium
1298 1610 1436 1654 dicere
1458 1608 1631 1654 solitum

278 1701 386 1742 esse,
416 1699 492 1741 „se
523 1682 605 1728 tria
635 1682 764 1728 corda
785 1681 965 1739 babere,
997 1683 1153 1746 quippe
1176 1684 1247 1747 qui
1266 1683 1469 1740 Latinae,
1493 1682 1631 1729 Grae-

277 1776 351 1807 cae
395 1770 437 1805 et
474 1758 620 1805 Oscae
665 1757 833 1818 linguae
877 1758 1035 1821 peritus
1075 1758 1171 1816 sit,“
1221 1759 1336 1823 quod
1377 1758 1535 1804 dictum
1563 1757 1631 1803 'ad

277 1834 434 1897 scripta
474 1833 561 1878 eius
599 1832 803 1878 reseratur
839 1850 1011 1878 necesse
1043 1844 1123 1878 est.
1152 1857 1210 1868 -·-
1261 1834 1452 1896 Uterque
1491 1832 1629 1895 igitur,

276 1908 426 1955 Livius
471 1919 514 1953 et
554 1907 742 1963 Ennius,
792 1906 927 1952 multa
978 1907 1145 1953 Graeca
1183 1907 1323 1952 intulit
1359 1908 1403 1953 in
1439 1907 1629 1969 linguam

276 1982 500 2036 Latinam,
531 1979 679 2025 Livius
712 1991 852 2027 autem
882 1979 1098 2025 libertinus
1130 1998 1216 2026 non
1247 1999 1374 2027 ausus
1395 1999 1487 2028 esse
1510 1982 1627 2027 vide-

276 2067 369 2114 tur,
399 2055 648 2101 Romanum
678 2063 915 2100 sermonem
942 2054 1078 2118 ipsum
1108 2068 1289 2113 mutare,
1332 2058 1445 2121 qnod
1479 2057 1629 2104 Ennio

274 2142 428 2196 postea
469 2129 596 2175 licuit.
660 2128 804 2188 Quum
843 2140 980 2174 autem
1013 2130 1237 2194 scriptores
1270 2130 1471 2189 Romani,
1512 2131 1627 2195 quod

274 2206 396 2272 pueri
426 2205 670 2262 didicerant,
704 2215 743 2250 et
775 2204 888 2267 quod
916 2221 994 2250 usu
1024 2216 1087 2251 tot
1113 2223 1319 2255 annorum
1340 2206 1506 2253 Romae
1528 2224 1626 2253 san-

275 2282 402 2328 citum
444 2280 665 2336 videbant,
707 2279 905 2341 religiose
953 2281 1178 2326 tenendum
1222 2282 1441 2339 ducerent,
1485 2292 1525 2327 et
1565 2281 1626 2326 ita

275 2374 434 2412 eorum,
467 2355 540 2419 qui
571 2355 628 2401 ad
659 2352 920 2401 Graecorum
950 2354 1138 2418 linguam
1168 2357 1352 2420 patrium
1384 2373 1630 2416 sermonem¹

273 2430 484 2477 inflectere
515 2430 792 2488 conabantur,
831 2430 1068 2494 exemplum
1097 2449 1184 2477 non
1213 2432 1489 2488 imitarentur,
1527 2448 1623 2494 per-

275 2504 467 2552 manavit
496 2505 696 2567 antiquus
726 2505 935 2553 scribendi
974 2506 1123 2552 modus
1154 2524 1287 2571 usque
1317 2502 1385 2553 >ad
1422 2505 1625 2552 Plautum

278 2589 321 2625 et
350 2579 406 2626 ad
443 2579 672 2643 scriptores
710 2580 782 2644 qui
817 2598 912 2629 eum
951 2582 1141 2647 proxime
1165 2583 1314 2630 secuti
1349 2592 1460 2630 sunt.
1523 2580 1627 2643 Quo
