1730 3015
853 105 1005 172 ⁷48

277 272 424 320 tuunt,
457 261 609 308 exodia
639 277 731 307 esse
762 261 860 307 ioca
889 262 934 307 in
965 263 1048 309 fine
1079 261 1321 312 fabularum
1350 262 1473 311 fundi
1499 264 1639 324 solita,

277 340 413 385 secuti
443 339 534 384 Jos.
567 335 834 398 scaligerum
855 339 911 382 ad
942 338 1102 384 Manil.
1131 338 1183 386 -V
1186 373 1196 384 .
1233 345 1329 395 145,
1361 339 1443 393 (ed.
1477 339 1639 400 Scalig.

274 432 320 478 1>-
358 424 453 468 113,
485 429 526 456 v.
559 419 661 467 stip),
696 411 768 474 qui
798 411 935 458 multa
965 411 1047 460 huc
1066 412 1301 477 spectantia
1327 413 1527 471 contulit,
1562 414 1640 461 sed

275 506 343 535 res
377 498 594 548 tantopere
627 486 838 544 confudit,
870 498 917 533 ut
938 477 1179 535 Salmasius
1210 488 1267 534 ad
1287 488 1472 552 Vopisci
1493 488 1638 535 Aurel.

276 582 312 609 c.
335 572 407 618 42,
429 561 580 607 merito
604 561 727 618 dicat,
753 560 1019 624 Scaligerum
1039 563 1106 610 hic
1128 579 1216 608 non
1237 579 1332 608 esse
1359 562 1639 626 Scaligerum.

274 637 348 684 De
375 636 555 683 Graecis
579 637 725 683 eixodis
752 636 821 683 hie
837 637 1011 684 minime
1037 638 1306 701 cogitandum
1323 649 1401 694 est,
1421 649 1510 683 tum
1527 638 1641 684 enim

275 711 393 758 Livii
417 712 547 758 verba
565 727 742 776 prorsus
761 730 892 759 sensu
908 725 1064 771 carent,
1083 714 1196 777 quod
1212 732 1305 760 cum
1320 713 1535 760 salmasio
1555 713 1643 760 iam

276 787 351 834 alii
375 788 584 844 viderunt,
607 805 785 850 quorum
821 789 1051 834 sententias
1075 789 1295 835 Drakenb.
1334 790 1389 835 ad
1416 790 1445 834 l.
1468 789 1496 834 l.
1528 799 1640 834 retu-

277 863 343 911 lit.
405 862 511 910 Non
540 862 680 907 minus
714 872 854 907 autem
884 861 1000 906 falsa
1033 863 1169 908 videri
1202 863 1327 909 dehet
1357 863 1524 927 opini0‚
1557 879 1643 926 qua

278 939 418 1003 prima
438 936 510 982 illa
532 936 683 981 exodia
703 947 804 998 post
829 946 967 981 actam
997 935 1190 981 fabulam
1222 939 1344 999 quasi
1374 939 1641 984 additamen-
1694 986 1697 988 ,

278 1023 366 1057 tum
412 1010 646 1056 accessisse
686 1008 854 1065 volunt,
897 1027 980 1072 quo
1021 1021 1318 1071 argumentum
1356 1010 1535 1073 fabulae·
1567 1028 1643 1057 an-

211 1119 221 1128 ,
278 1084 510 1132 tecedentis
541 1084 587 1130 in
617 1084 751 1130 risum
783 1101 954 1129 versum
994 1084 1069 1142 sit,
1114 1085 1175 1131 ita
1219 1097 1265 1131 ut
1310 1105 1405 1132 cum
1451 1086 1643 1133 dramate

280 1161 475 1224 Satyrico
508 1150 771 1205 Graecorum
813 1160 1012 1223 componi
1049 1161 1231 1223 possint.
1301 1149 1433 1208 Hanc
1476 1171 1644 1207 senten·

279 1237 385 1283 tiam
418 1235 608 1281 defendit
641 1235 920 1281 casaubonus
941 1236 993 1281 de
1028 1237 1119 1282 Sat.
1151 1234 1281 1281 Rom.
1312 1236 1370 1282 ΙΙ.
1406 1248 1444 1293 1,
1475 1254 1518 1299 p.
1545 1237 1644 1291 134,

283 1311 427 1357 verbis
468 1310 632 1373 antiqui
671 1309 816 1356 Schol.
853 1309 950 1354 Juv.
992 1310 1047 1354 ad
1084 1310 1178 1356 Sat.
1217 1310 1298 1355 III.
1334 1317 1438 1364 175:
1497 1311 1644 1367 „E'xo-

283 1386 439 1431 diarius
478 1384 594 1449 apud
639 1395 802 1429 veteres
840 1384 886 1429 in
926 1384 1007 1430 fine
1044 1384 1239 1429 ludorum
1280 1385 1485 1442 intrabat,
1529 1384 1645 1449 quod

281 1459 484 1506 ridiculus
526 1458 658 1516 foret,
696 1470 744 1504 ut
786 1459 993 1521 quidquid
1044 1458 1310 1505 lacrimarum
1346 1471 1472 1522 atque
1513 1460 1644 1505 tristi-

281 1537 366 1582 tiae
399 1534 638 1596 coegissent
668 1551 719 1579 ex
764 1533 934 1595 tragicis
982 1534 1198 1580 affectibus
1244 1533 1367 1580 huius
1396 1534 1646 1598 aspectaculi

282 1612 392 1656 risus
415 1610 724 1671 detergerent.“
783 1608 916 1654 Recte
939 1609 1109 1670 quidem
1130 1610 1449 1671 grammaticus,
1484 1610 1521 1655 si
1542 1626 1643 1655 vero

282 1684 502 1732 Juvenalis
535 1683 673 1729 locum
703 1683 769 1729 his
802 1682 1003 1746 explicari
1032 1684 1208 1746 putavit,
1239 1683 1391 1730 fefellit
1422 1702 1518 1730 eum
1549 1683 1643 1746 opi-

282 1760 379 1817 nio,
423 1771 464 1805 et
501 1758 663 1805 utinam
704 1757 991 1804 Casaubonus‘
1016 1776 1104 1804 non
1135 1758 1397 1806 confudisset
1425 1757 1644 1806 Juvenalis

284 1847 328 1882 et
358 1835 624 1883 Scholiastae
655 1834 821 1879 exodia.
883 1833 1102 1879 Juvenalis
1132 1834 1221 1879 itae·

1234 1908 1337 1972 Ipsa
1366 1908 1527 1955 dierum

405 1985 632 2030 Festorum
662 1982 848 2028 herboso
880 1982 1030 2028 colitur
1061 1983 1098 2028 si
1129 1983 1299 2045 quando
1330 1982 1495 2029 theatro
1531 2012 1533 2014 -

406 2058 640 2105 Maiestas:
679 2058 935 2121 tandemque
965 2057 1075 2104 redit
1105 2058 1160 2104 ad
1190 2057 1356 2123 pulpita
1385 2070 1533 2104 notum

406 2133 642 2189 Exodium‚
682 2150 809 2195 quum
840 2149 1047 2196 personae
1078 2132 1273 2196 pallentis
1305 2132 1467 2181 hiatum
1533 2167 1553 2178 -,

405 2210 458 2255 In
489 2208 649 2272 gremio
678 2208 827 2254 matris
857 2208 1058 2254 formidat
1087 2209 1265 2255 rusticus
1297 2209 1466 2255 infans:

286 2286 427 2333 Poeta
443 2285 594 2331 exodio
615 2284 821 2347 significat
835 2285 1032 2347 antiquos
1054 2284 1170 2330 iocos
1193 2295 1234 2330 et
1253 2285 1380 2341 risus,
1404 2284 1478 2347 qui
1495 2295 1644 2349 postea

287 2363 335 2408 in
364 2361 587 2407 Atellanas
618 2360 927 2415 inferebantur,
958 2376 1046 2405 non
1078 2370 1217 2405 autem
1251 2359 1474 2405 Atellanas
1511 2360 1642 2421 ipsas,

288 2448 332 2483 et
361 2436 492 2481 multo
523 2435 662 2482 minus
692 2434 864 2480 Exodia
893 2433 967 2500 illa
997 2434 1049 2480 de
1081 2434 1231 2497 quibus
1263 2433 1523 2481 Scholiastes
1556 2434 1642 2479 dis-

290 2512 409 2569 serit,
441 2527 550 2575 quae
581 2510 636 2557 ab
673 2509 884 2556 Atellanis
916 2509 1064 2573 procul
1104 2510 1267 2556 absunt.
1326 2508 1418 2555 Res
1455 2525 1552 2555 meo
1582 2511 1646 2560 iu-

291 2587 402 2634 dicio
446 2587 506 2635 sic
542 2585 808 2650 expedienda
843 2596 936 2633 est:
978 2585 1125 2648 Quum
1163 2585 1335 2632 iuvenes
1354 2582 1573 2642 Romani.
1587 2585 1647 2634 ad
