1730 3015
901 97 981 163 80

263 256 375 315 dem,
408 257 486 303 sed
515 256 602 302 veri
633 266 773 308 tamen
804 254 1066 306 simillimum
1098 265 1176 312 est,
1200 253 1359 317 ,plures
1391 254 1619 314 histriones

261 332 475 395 prodisse.
539 328 846 389 QuaeJLivius
880 329 932 375 de
962 346 1094 392 puero
1137 339 1233 375 ante
1277 328 1493 375 tibicinem
1532 340 1620 393 sta7

262 418 309 452 to
351 415 515 462 narrat,
553 404 635 450 huc
675 403 788 450 trahi
823 415 1057 467 nequeunt;
1077 421 1079 424 ·
1096 402 1344 451 -cavendum
1392 402 1524 460 euim,
1568 421 1622 451 ne

262 492 477 544 putemus,
530 479 845 536 Andronicum,
889 479 1104 537 nonnullis
1141 477 1295 525 fabulis
1337 478 1466 536 actiS,
1508 477 1623 524 hune

260 572 438 619 puerum
483 554 716 605 secundam
760 571 990 619 personam
1031 554 1259 601 induxisse.
1321 552 1433 599 Cum
1471 570 1621 616 perso÷

260 630 326 675 nis
357 629 599 675 fabularum
628 629 695 676 hic
725 646 831 693 puer
862 629 1059 692 componi
1101 628 1258 691 nequit,
1299 627 1413 691 quod
1455 626 1621 692 perspi-

261 723 385 752 cuum
417 716 493 762 est,
526 723 622 751 eum
665 706 709 750 in
751 704 938 769 partium
978 704 1270 751 distributione
1306 719 1436 749 unam
1471 718 1621 767 perso-

260 798 360 826 nem
392 779 558 826 efficere
590 799 682 827 cum
726 779 930 827 histrione
970 779 1166 826 saltante.
1227 778 1497 825 Andronicus
1538 778 1621 823 ita-

262 873 358 919 que,
392 856 429 901 si
461 867 559 901 ante
592 854 708 899 solus
741 855 909 917 egisset,
944 855 1073 899 etiam
1093 871 1227 917 puero
1252 864 1471 917 assumpto
1502 852 1621 899 solus

260 931 475 986 manebat,
508 941 681 990 tumque
706 928 794 973 eius
816 929 964 973 drama
994 928 1210 973 mimicum
1240 928 1383 990 potius
1415 928 1623 975 canticum

260 1014 363 1060 erat,
403 1020 455 1048 ne
488 1000 721 1066 Thespidis
763 1002 933 1065 quidem
971 1001 1255 1065 aequiparans
1297 1001 1461 1060 ludum,
1494 1020 1623 1066 quam

256 1077 480 1141 tragoedia
519 1076 588 1123 vel
626 1077 861 1123 comoedia.
922 1077 1077 1123 Plures
1124 1094 1224 1145 yero
1265 1076 1494 1124 histriones
1533 1078 1621 1125 iam

187 1151 198 1161 ²
257 1153 312 1200 ab
349 1153 468 1199 initio
501 1152 671 1199 fabulas
705 1155 844 1215 egisse
875 1152 1127 1199 concludere
1166 1153 1263 1199 licet
1302 1171 1353 1198 ex
1389 1153 1463 1210 iis,
1510 1169 1620 1216 quae

256 1228 372 1291 apud
402 1227 576 1289 Livium
607 1238 862 1291 sequuntur;
906 1239 1119 1275 cantatore
1151 1224 1262 1275 enim
1299 1228 1505 1285 admisso,
1547 1228 1620 1286 ait,

219 1332 221 1335 ·
259 1303 453 1350 diverbia
498 1314 663 1348 tantum
705 1303 957 1348 histrionum
1002 1305 1097 1349 voci
1139 1303 1286 1348 relicta
1330 1320 1447 1359 esse,
1490 1320 1621 1365 quum

259 1376 422 1423 scilicet
452 1388 579 1422 antea
610 1388 651 1422 et
681 1377 847 1424 cantica
877 1388 919 1423 et
960 1377 1149 1423 diverbia
1190 1377 1243 1422 ab
1282 1376 1387 1439 ipsis
1428 1394 1616 1440 pronun-

256 1452 403 1497 tianda
448 1462 605 1497 essent.
684 1451 785 1512 Quo
835 1452 977 1515 posito
1022 1452 1108 1498 iam
1153 1452 1437 1515 intelligemus
1488 1450 1618 1498 illud:

254 1526 396 1585 „idem
428 1525 593 1572 scilicet
631 1543 804 1572 suorum
841 1527 1075 1573 carminum
1114 1529 1266 1584 actor,”
1303 1527 1455 1573 eodem
1493 1545 1620 1573 sensu

256 1601 553 1664 accipiendum
586 1618 692 1658 esse,
725 1619 809 1665 quo
841 1613 883 1647 et
914 1602 1070 1649 Graeci
1100 1614 1294 1648 auctores
1328 1618 1427 1647 suas
1448 1602 1616 1651 fabulas

255 1677 393 1737 egisse
426 1676 630 1733 dicuntur,
664 1678 780 1740 quod
817 1689 903 1723 est:
942 1678 1027 1741 ipsi
1064 1697 1160 1724 cum
1199 1677 1475 1723 histrionibus
1514 1694 1616 1741 pro·

255 1752 404 1797 dibant
451 1753 682 1814 primarum
726 1751 974 1816 plerumque
1019 1753 1204 1817 partium
1256 1763 1435 1799 actores.
1496 1752 1616 1810 Illos,

255 1826 328 1889 qui
363 1827 612 1873 Andronico
650 1827 695 1872 in
733 1826 888 1873 sabulis
935 1828 1111 1890 agendis
1152 1828 1351 1883 aderant,
1392 1826 1616 1874 Romanos

251 1905 426 1950 iuvenes
457 1919 546 1948 non
576 1902 722 1959 fuisse,
767 1902 870 1948 satis
909 1903 1102 1948 firmasse
1141 1902 1246 1948 mihi
1284 1901 1453 1947 videor:
1494 1913 1615 1966 pote-

253 1989 351 2025 rant
381 1977 455 2023 alii
484 1977 625 2022 liberti
656 1987 729 2022 aut
760 1977 871 2022 servi
903 1976 1107 2034 adhiberi,
1139 1988 1185 2023 ut
1215 1977 1285 2027 ille
1323 1995 1448 2041 puer,
1491 1995 1615 2041 qnem

254 2054 312 2099 ad
341 2052 578 2098 canendum
609 2063 739 2112 poeta
770 2051 991 2097 excitabat.

372 2126 445 2171 De
474 2124 570 2180 hocv
589 2134 630 2169 et
669 2124 721 2169 de
764 2125 923 2181 verbis,
956 2126 1039 2181 „ad
1069 2142 1242 2171 manum
1273 2138 1441 2173 cantare
1471 2126 1613 2174 histri-

252 2200 457 2258 onibus‚“
488 2198 632 2245 multis
664 2198 985 2262 disputaverunt
1016 2201 1093 2247 viri
1125 2202 1263 2259 docti„
1295 2221 1473 2266 qnorum
1516 2222 1613 2250 sen-

249 2278 408 2323 tentias
449 2274 519 2320 hic
565 2273 724 2319 referre
767 2274 951 2319 alienum
991 2287 1068 2321 est.
1130 2275 1443 2324 Emendatione
1487 2294 1614 2341 quam

248 2351 383 2398 voluit
427 2349 666 2407 Salmasius
707 2349 763 2395 ad
805 2348 984 2413 Vopisc.
1018 2350 1165 2397 Carin.
1199 2363 1265 2409 19,
1293 2371 1337 2415 p.
1376 2358 1478 2397 330.
1509 2351 1613 2397 mihi

248 2443 356 2489 opus
404 2443 499 2470 esse
545 2441 634 2469 non
675 2424 866 2481 videtur,
914 2424 1109 2489 Liviique
1152 2426 1283 2473 verba
1321 2437 1484 2472 tantum
1524 2442 1613 2471 non

247 2520 342 2548 cum
374 2500 598 2546 Gronovio
631 2498 792 2545 faciens
824 2500 1099 2563 interpretor:
1131 2501 1307 2546 Suffecit
1338 2500 1611 2565 Andronicus

246 2592 435 2633 servum,
467 2575 582 2622 cuius
615 2593 710 2631 cum
740 2573 910 2631 tibicine
940 2584 1145 2622 concentu
1180 2575 1302 2630 (val.
1330 2574 1470 2629 Max.)
1511 2593 1612 2624 can-
