1730 3015
132 292 209 356 gia>
233 270 420 340 veterum
449 283 766 338 Germanorum
796 294 838 330 et
860 284 921 330 >de
952 281 1287 330 institutionibus
1317 281 1484 343 linguae

85 332 91 339 Ι
133 365 295 420 Germ„
332 357 606 414 Bernhardii‚
637 357 700 426 V.
724 357 807 415 Cl.,
837 359 889 404 de
919 357 1162 404 Aristotelis
1196 368 1287 403 arte
1316 358 1487 421 poetica

131 451 174 488 et
204 439 263 484 del
287 432 567 498 grammatica
595 432 766 495 linguae
789 434 980 480 Graecae
1009 434 1216 491 doctrina,
1233 433 1294 478 H.
1317 431 1486 489 Ritteri,

131 511 191 561 V.
214 510 297 568 CL,
314 508 367 555 de
389 506 580 553 doctrina
601 506 890 571 metaphysica
910 508 962 553 de
992 508 1071 553 deo
1103 519 1144 553 et
1174 508 1344 566 mundo,
1365 507 1485 553 Lan·

119 587 202 651 gii,
233 584 293 631 V.
320 584 403 640 CL,
436 583 487 628 de
518 582 701 627 Homeri
733 583 876 629 Iliade.
933 583 1089 629 Hieme
1119 601 1187 629 an.
1223 590 1403 639 1327—
1413 590 1485 641 28,

130 670 360 725 postquam
398 657 445 702 in
487 655 726 700 Academia
764 654 977 702 Rhenana
1020 644 1254 703 Borussica
1299 656 1484 704 Rectore
1558 692 1561 695 -

51 742 54 744 ’
126 732 384 796 ⁴Magnifice
410 729 608 776 Nitschio
669 730 778 776 inter
838 731 949 777 cives
1006 732 1272 776 academicos
1335 749 1482 796 accep-

131 821 196 855 tus
257 817 299 851 et
347 804 530 863 Decano
597 804 831 868 Spectabili
889 805 1118 868 Freytagio
1168 806 1232 852 ‘in
1299 806 1483 853 Illustris

77 908 80 910 ·
129 879 485 949 philosophorum
526 881 687 926 ordinis
716 879 876 926 Album
904 880 1130 943 inscriptus
1162 892 1265 937 erat,
1295 880 1486 928 lectioni*

131 959 209 1004 bus
239 954 429 1001 interfuit
459 953 697 1012 Niebuhrii,
739 956 801 1001 V.
833 955 916 1012 Ill.,
961 956 1013 1000 de
1055 956 1177 1001 terris
1214 967 1341 1019 atque
1381 975 1486 1020 gen-

130 1032 239 1078 tibus
268 1029 494 1085 veteribus,
526 1029 778 1086 Heinrichii,
803 1031 865 1077 V.
890 1030 973 1086 CL,
1006 1031 1058 1075 de
1090 1031 1279 1093 epistolis
1312 1032 1486 1078 Horatii

131 1118 172 1157 et
203 1105 254 1151 de
285 1104 493 1167 religione
526 1105 813 1162 Graecorum,
847 1103 1019 1162 Naekii,
1052 1105 1115 1151 V.
1139 1105 1220 1163 CL,
1254 1107 1306 1152 de
1336 1107 1484 1154 Plauti

133 1180 418 1233 Trinummo,
467 1178 712 1237 Wclckeri,
743 1180 805 1227 V.
830 1179 913 1239 CL,
967 1181 1019 1225 de
1068 1180 1296 1244 Sophoclis
1326 1182 1481 1240 Aiace,

130 1253 420 1311 Huellmanni,
437 1254 499 1300 V.
524 1254 606 1312 CL,
639 1255 691 1302 de
722 1253 911 1300 fontibus
938 1254 1156 1300 historiae.
1217 1255 1368 1303 Primo
1385 1276 1486 1306 vere

131 1331 231 1377 anni
272 1329 456 1376 labentis
496 1329 750 1376 Berolinum
780 1329 917 1387 rediit,
963 1329 1219 1393 nomineque
1262 1332 1340 1378 rite
1385 1333 1486 1380 dato
1560 1353 1565 1358 ·

131 1405 244 1467 apud
271 1403 499 1450 Rectorem
539 1404 822 1467 Magnificum
851 1404 1155 1461 Bethmanum,
1187 1416 1228 1451 et
1261 1406 1484 1455 Decanum

132 1479 418 1542 Spectabilem
459 1478 712 1525 Weissium
751 1480 903 1525 iterum
941 1478 1223 1542 frequentavit
1261 1481 1481 1529 doctorum

126 1552 249 1600 huius
291 1553 594 1600 Universitatis
631 1553 856 1600 litterariae
895 1554 1079 1600 virorum
1117 1554 1302 1601 scholas.
