1730 3015
782 122 828 191 ⁴7

242 274 446 339 Agricola
476 272 649 319 assiduo
680 272 863 337 primum
896 273 1072 318 satiatus
1106 286 1248 319 aratro

301 348 508 399 Cantavit
539 360 651 394 certo
682 348 840 394 rustica
872 349 1001 395 verba
1030 349 1164 412 pede:

226 427 297 473 -Et
327 436 447 480 satur
478 423 613 468 arenti
642 424 828 486 primum
859 435 924 470 est
955 424 1195 470 modulatus
1226 440 1363 470 avena

297 501 496 554 Carmen,
528 508 574 542 ut
604 510 780 542 ornatos
813 500 970 543 diceret
1002 511 1098 543 ante
1132 500 1249 544 deos.

234 574 440 638 Agricola
471 584 512 620 et
541 572 673 618 minio
706 573 902 631 suffusus,
933 573 1123 631 Bacche,
1154 574 1319 620 rubenti

295 649 468 694 Primus
501 649 718 711 inexperta
750 649 865 693 duxit
895 649 949 693 ab
982 660 1072 693 arte
1104 648 1268 693 choros.

235 726 361 771 Addo
393 724 490 770 huic
521 723 617 769 loco
657 722 904 787 praeclaros
937 722 1113 769 Horatii
1143 741 1289 770 versus
1322 743 1373 770 ex
1403 725 1476 771 lib.

116 801 171 845 II.
194 800 318 863 epist.
346 809 385 843 1.
401 799 501 844 inde
522 814 548 843 a
569 817 609 843 v.
636 808 732 855 139,
766 798 919 861 quibus
941 799 1055 844 idem
1080 798 1363 860 agricolarum
1382 799 1476 846 Ro-

116 892 339 919 manorum
368 890 463 919 mos
495 872 724 936 probatur:

175 947 403 1010 Agricolae
434 947 578 1011 prisci,
610 946 746 992 fortes
778 963 999 1011 parvoque
1031 948 1159 1004 beati,

179 1022 366 1070 Condita
394 1033 495 1085 post
523 1021 737 1069 frumenta
775 1022 968 1069 levantes
1008 1034 1198 1086 tempore
1231 1022 1344 1069 sesto

177 1097 348 1160 Corpus
388 1107 430 1141 et
468 1097 613 1160 ipsum
641 1096 827 1142 animum
860 1114 935 1160 spe
966 1096 1069 1141 finis
1102 1098 1208 1141 dura
1238 1096 1457 1153 ferentem,

148 1204 151 1207 -
177 1172 290 1218 Cum
322 1172 448 1216 sociis
481 1189 675 1234 operum,
709 1173 851 1234 pueris
884 1185 926 1218 et
957 1174 1135 1233 coniuge
1167 1173 1252 1218 fida

180 1245 405 1292 Tellurem
435 1243 582 1307 porco,
616 1245 843 1293 Silvanum
870 1245 979 1290 lacte
1012 1246 1206 1308 piabant,

174 1320 375 1365 Floribus
409 1331 451 1363 et
480 1319 579 1364 vino
613 1319 800 1365 Genium
831 1337 1064 1365 memorem
1102 1320 1243 1365 brevis
1283 1322 1390 1367 aevi.

176 1393 444 1440 Fescennina
475 1410 552 1456 per
581 1393 693 1439 hunc
722 1394 895 1438 inventa
924 1392 1093 1438 licentia
1123 1410 1300 1451 morem,

176 1468 391 1514 Versibus
423 1467 596 1513 alternis
629 1468 860 1530 opprobria
890 1469 1045 1514 rustica
1075 1468 1194 1514 fudit.

120 1541 416 1590 conserendus
452 1542 633 1605 denique
671 1553 737 1587 est
772 1541 944 1588 Lucret.
981 1542 1042 1588 V.
1083 1548 1207 1599 1373,
1247 1559 1356 1605 sqq„
1407 1543 1481 1589 ubi

118 1620 170 1665 de
202 1618 365 1680 origine
396 1628 542 1663 cantus
575 1618 810 1674 disserens,
850 1617 977 1662 etiam
1008 1628 1255 1663 nostrorum
1281 1617 1479 1666 ludorum

118 1693 376 1740 mentionem
405 1691 517 1749 facit,
549 1711 616 1738 vv.
640 1692 779 1747 1396-
799 1701 934 1745 1402:

178 1768 295 1815 Tum
326 1767 432 1823 ioca,
464 1778 555 1812 tum
586 1785 741 1824 sermo,
776 1778 863 1812 tum
897 1765 1040 1813 dulces
1074 1784 1170 1813 esse
1203 1767 1399 1816 cachinni

119 1893 121 1897 ,
181 1843 471 1890 consuerant:
503 1842 684 1905 agrestis
717 1842 828 1887 enim
859 1853 948 1887 tum
980 1842 1115 1888 Musa
1145 1842 1329 1904 vigebat.

178 1918 294 1965 Tum
326 1929 453 1981 caput
486 1929 612 1981 atque
643 1917 843 1966 humeros
875 1916 1011 1981 plexis
1043 1918 1239 1966 redimire
1271 1919 1439 1964 coronis

179 1993 376 2040 Floribus
408 2003 449 2038 et
479 1992 591 2038 foliis
623 1992 798 2041 lascivia
828 1992 943 2038 laeta
971 1993 1194 2038 monebat:

181 2069 322 2131 Atque
356 2079 472 2116 extra
501 2086 725 2115 numerum
763 2067 990 2130 procedere
1021 2068 1215 2116 membra
1244 2069 1477 2116 moventeis

181 2142 371 2201 Duriter,
403 2155 445 2190 et
476 2144 584 2192 duro
614 2154 774 2190 terram
805 2142 912 2205 pede
944 2141 1102 2205 pellere
1132 2154 1332 2189 matrem:

181 2217 311 2262 Unde
343 2219 590 2267 oriebantur
617 2219 726 2265 risus
760 2217 994 2280 dulcesque
1022 2218 1225 2264 cachinni.

125 2290 295 2353 Quibus
342 2290 447 2337 locis
495 2293 658 2351 allatis,
712 2304 754 2340 et
804 2291 898 2339 aliis
946 2293 1199 2354 quibusdam
1250 2310 1354 2355 quos
1403 2309 1477 2355 ap-

124 2384 283 2433 ponere
326 2368 602 2428 supersedeo,
645 2385 905 2431 quamquam
945 2368 1050 2415 hene
1091 2366 1302 2429 intellig0‚
1344 2368 1478 2430 poeti-

125 2460 219 2490 cam
247 2440 391 2507 potius
416 2441 539 2489 nobis
567 2444 763 2507 praeberi
790 2444 901 2489 vitae
929 2442 1106 2488 rusticae
1138 2441 1480 2504 descriptionem,

126 2535 256 2582 quam
269 2534 393 2564 verae
414 2516 616 2564 historiae
639 2519 849 2566 sinceram
868 2518 1167 2572 narrationem,
1199 2528 1342 2565 tamen
1363 2529 1482 2564 extra

126 2608 299 2642 omnem
340 2592 628 2641 dubitationis·
655 2593 796 2641 aleam
832 2594 1016 2659 ponitur,
1057 2592 1217 2640 ludicra
1258 2592 1481 2649 eiusmodi,
