1730 3015
761 154 843 233 77

122 327 232 365 sunt.
292 315 363 362 Ad
384 308 727 367 *adolescentiam
765 324 887 366 suam
915 298 1184 373 processisse*
1215 308 1385 354 Livium
1416 309 1476 367 ait

77 442 80 445 ,
124 374 236 440 Cato
270 389 384 454 apud
414 384 665 436 Ciceronem
694 382 722 430 l.
745 402 779 431 c.
841 382 952 430 Cato
983 396 1106 432 natus
1143 395 1208 431 est
1247 400 1360 430 anno
1398 401 1474 430 an-

126 479 301 530 tequam
332 462 369 510 F
371 460 500 517 abins:
533 457 751 513 Maximus
792 459 973 521 primum
1013 461 1278 506 consulatum
1319 470 1477 521 ageret,

126 542 201 605 qui
232 534 418 586 incidit
405 552 450 580 in
483 549 640 580 annum
661 540 760 589 520,
791 545 951 580 sextum
983 546 1053 592 aut
1084 535 1321 599 septimum,
1353 544 1476 599 post-

123 633 250 686 quam
282 610 430 656 Lixius
473 608 655 670 primam
694 606 883 653 fabulam
922 608 1132 666 docuerat,
1171 611 1285 672 quod
1326 610 1477 656 eodem

121 691 215 735 loco
237 685 387 732 Cicero
409 693 600 727 testatur.
661 680 922 727 Adolescens
946 681 1057 727 Cato
1080 701 1173 727 cum
1193 683 1328 730 Fabio
1352 684 1473 747 quin-

120 775 210 811 tum
241 757 455 810 consule
442 775 488 802 1n
527 756 634 802 illud
675 756 834 802 bellum
870 757 1226 819 proficiscebatur,
1260 776 1343 821 quo
1379 759 1421 804 Γ
1425 776 1471 804 a

119 847 282 893 rentum
331 842 502 896 captum
548 841 627 890 est,
671 831 849 879 testibus
896 830 987 879 Cic.
1032 832 1083 879 de
1122 832 1288 880 Senect.
1327 844 1368 890 ιι,
1404 842 1473 892 1Ἲο.

117 912 232 971 ΡΙγιιῐ.
267 909 364 968 Cat.
386 919 427 953 Ω.
461 908 593 954 Corn.
626 905 741 972 Nep.
777 907 870 953 Cat.
899 926 937 955 ι.
978 907 1236 953 Plutarchus
1269 927 1365 953 eum
1394 929 1476 955 κο-

115 985 228 1051 μιδῆ
254 982 495 1049 μειράκιον
515 982 644 1040 ὄντα,
665 980 833 1046 Nepos,
865 983 1059 1029 iuvenem
1080 983 1228 1028 decem
1249 994 1290 1029 et
1312 994 1474 1046 septem

114 1077 322 1106 annorum
370 1058 629 1122 expeditioni
673 1057 800 1103 Fabii
843 1057 1080 1103 interfuisse
1123 1058 1321 1111 referunt.
1394 1058 1472 1104 Li-

115 1135 206 1181 vius
237 1135 379 1198 itaque
411 1133 638 1180 secundum
669 1150 735 1189 ea,
765 1149 872 1196 quae
903 1144 1029 1178 antea
1058 1133 1182 1179 nobis
1205 1133 1470 1191 videbantur,

118 1227 247 1273 quum
279 1210 389 1255 Cato
421 1209 645 1271 septimum
678 1207 884 1252 decimum
915 1224 1073 1252 annum
1114 1209 1285 1270 agebat,
1327 1226 1470 1265 senex,

118 1285 207 1330 fere
268 1295 466 1346 quattuor
516 1294 557 1328 et
605 1281 874 1348 septuaginta
920 1299 1149 1339 annorum,
1212 1283 1316 1328 obiit
1353 1302 1394 1328 u.
1433 1302 1470 1329 c.

118 1358 226 1414 536,
265 1358 449 1419 vixitque
488 1366 572 1401 tres
613 1366 655 1400 et
685 1355 834 1417 viginti
863 1371 1000 1404 annos
1030 1366 1261 1419 postquam
1289 1357 1474 1419 primum

117 1433 344 1497 prodierat,
386 1432 491 1477 satis
525 1430 794 1476 commodum
835 1441 1001 1493 tempus
1012 1467 1024 1487 ,
1064 1448 1148 1493 quo
1187 1447 1335 1477 omnes
1373 1431 1471 1477 illas

116 1507 282 1569 fabulas
315 1505 610 1562 conscriberet,
644 1522 749 1568 quae
779 1505 865 1569 ipsi
895 1505 1144 1551 tribuuntur.
1205 1506 1264 1551 At
1303 1517 1472 1552 constat

117 1601 168 1628 ex
198 1581 391 1642 omnibus
429 1580 629 1626 historiae
668 1580 951 1625 monumentis
995 1580 1233 1626 Tarentum
1275 1597 1301 1626 a
1331 1579 1470 1626 Fabio

117 1667 400 1721 expugnatum
464 1671 559 1700 esse
608 1645 723 1706 usuc.
764 1661 863 1705 545.
935 1671 1146 1717 quumque
1212 1655 1322 1701 Cato
1381 1666 1471 1700 tum

119 1729 402 1794 septendecim
433 1745 568 1775 annos
601 1739 722 1775 natus
756 1739 880 1785 esset,
913 1739 954 1774 et
983 1728 1133 1773 Livius
1167 1745 1239 1773 sex
1271 1740 1342 1774 aut
1372 1747 1468 1791 sep-

116 1817 201 1859 tem
246 1819 382 1855 annos
423 1814 519 1852 ante
562 1820 658 1849 eum
698 1802 743 1847 in
790 1802 980 1848 theatris
1011 1802 1193 1866 spectari
1243 1803 1470 1867 coepisset,

115 1881 254 1945 prima
284 1877 428 1925 fabula
462 1889 558 1924 acta
588 1895 681 1923 esse
713 1877 839 1923 dehet
859 1877 945 1924 sive
967 1894 1079 1923 anno
1102 1884 1201 1936 521,
1234 1878 1321 1924 sive
1353 1895 1468 1924 anno

115 1966 335 2019 sequente,
386 1970 468 2017 quo
508 1950 700 1998 Naevius
739 1952 922 2016 primam
966 1952 1160 1998 docuisse
1208 1951 1357 1998 fertur.
1421 1953 1471 2000 Si

112 2031 253 2092 itaque
284 2029 438 2091 reliqui
473 2029 636 2074 numeri
675 2039 787 2074 recte
826 2045 871 2073 se
909 2028 1087 2084 hahent,
1129 2027 1388 2074 Plutarchus
1430 2040 1471 2074 et

115 2102 269 2167 Nepos
300 2103 345 2149 in
375 2113 512 2148 aetate
546 2102 725 2148 Catonis
758 2103 924 2165 egregie
957 2114 1201 2149 erravemnt
1228 2108 1282 2157 ¹).

232 2177 285 2221 In
322 2177 573 2241 explicando
615 2178 765 2236 mod0‚
810 2195 893 2241 quo
936 2179 1074 2242 prima
1113 2177 1259 2223 fabula
1298 2177 1467 2225 Romae

116 2252 242 2307 docta
274 2251 341 2307 sit,
373 2263 533 2298 veteres
565 2252 794 2298 admodum
825 2253 942 2317 parci
971 2253 1156 2310 fuerunt,
1200 2269 1330 2315 eaque
1370 2253 1468 2315 ipsa

115 2345 222 2390 quae
264 2326 421 2378 tradita
450 2327 685 2373 invenimus
715 2339 805 2373 tam
836 2329 1015 2374 obscura
1053 2339 1160 2384 sunt,
1203 2339 1249 2373 ut
1288 2344 1355 2373 res
1386 2345 1466 2390 pro

114 2400 322 2449 desiderio
353 2413 501 2448 nostro
533 2403 723 2467 expediri
752 2414 946 2466 nequeat.
1006 2402 1207 2449 Pluribus
1239 2419 1367 2466 quam
1397 2421 1464 2449 ce-

207 2595 246 2642 1)
272 2594 390 2642 Apud
425 2598 609 2641 Nepotem
645 2596 835 2635 excidisse
867 2597 1030 2633 dicerem
1067 2600 1119 2633 X.
1151 2603 1194 2633 ut
1227 2610 1306 2634 non
1339 2599 1465 2636 XV11.

111 2641 175 2689 sed
189 2658 303 2693 XXV
309 2656 353 2693 11
378 2657 430 2691 le
415 2656 588 2707 ⁸gendum
611 2657 674 2702 sit,
706 2656 785 2694 nisi
813 2656 910 2693 aliae
934 2657 1105 2694 rationes
1127 2657 1202 2693 hoc
1227 2664 1417 2694 vetarent.
