<?xml version="1.0" encoding="UTF-8"?>
<!DOCTYPE html PUBLIC "-//W3C//DTD XHTML 1.0 Transitional//EN"
    "http://www.w3.org/TR/xhtml1/DTD/xhtml1-transitional.dtd">
<html xmlns="http://www.w3.org/1999/xhtml" xml:lang="en" lang="en">
 <head>
  <title>
</title>
<meta http-equiv="Content-Type" content="text/html;charset=utf-8" />
  <meta name='ocr-system' content='tesseract 3.04.00' />
  <meta name='ocr-capabilities' content='ocr_page ocr_carea ocr_par ocr_line ocrx_word'/>
</head>
<body>
  <div class='ocr_page' id='page_1' title='image "4737173_0030.png"; bbox 0 0 1730 3015; ppageno 0'>
   <div class='ocr_carea' id='block_1_1' title="bbox 866 125 945 192">
    <p class='ocr_par' dir='ltr' id='par_1_1' title="bbox 866 125 945 192">
     <span class='ocr_line' id='line_1_1' title="bbox 866 125 945 192; baseline 0.025 -2"><span class='ocrx_word' id='word_1_1' title='bbox 866 125 945 192; x_wconf 87' lang='lat'>16</span> 
     </span>
    </p>
   </div>
   <div class='ocr_carea' id='block_1_2' title="bbox 215 266 1582 480">
    <p class='ocr_par' dir='ltr' id='par_1_2' title="bbox 215 266 1582 480">
     <span class='ocr_line' id='line_1_2' title="bbox 217 266 1582 333; baseline -0.003 -16"><span class='ocrx_word' id='word_1_2' title='bbox 217 272 375 318; x_wconf 80' lang='lat' dir='ltr'><strong>tinent:</strong></span> <span class='ocrx_word' id='word_1_3' title='bbox 405 270 646 325; x_wconf 78' lang='lat' dir='ltr'>Liberalia,</span> <span class='ocrx_word' id='word_1_4' title='bbox 677 269 946 326; x_wconf 83' lang='lat' dir='ltr'>Fordicidia,</span> <span class='ocrx_word' id='word_1_5' title='bbox 975 268 1155 328; x_wconf 89' lang='lat' dir='ltr'>Palilia,</span> <span class='ocrx_word' id='word_1_6' title='bbox 1186 266 1461 333; x_wconf 83' lang='lat' dir='ltr'><strong>Lupercalia,</strong></span> <span class='ocrx_word' id='word_1_7' title='bbox 1489 267 1582 314; x_wconf 91' lang='lat' dir='ltr'>Ro-</span> 
     </span>
     <span class='ocr_line' id='line_1_3' title="bbox 216 342 1581 411; baseline -0.005 -15"><span class='ocrx_word' id='word_1_8' title='bbox 216 346 400 411; x_wconf 84' lang='lat' dir='ltr'>bigalia,</span> <span class='ocrx_word' id='word_1_9' title='bbox 432 344 645 402; x_wconf 86' lang='lat' dir='ltr'>Floralia,</span> <span class='ocrx_word' id='word_1_10' title='bbox 687 344 1006 403; x_wconf 85' lang='lat' dir='ltr'>Meditrinalia,</span> <span class='ocrx_word' id='word_1_11' title='bbox 1043 344 1313 404; x_wconf 68' lang='lat' dir='ltr'>feminalia,</span> <span class='ocrx_word' id='word_1_12' title='bbox 1355 342 1581 407; x_wconf 90' lang='lat' dir='ltr'>Compita-</span> 
     </span>
     <span class='ocr_line' id='line_1_4' title="bbox 215 418 1580 480; baseline -0.004 -11"><span class='ocrx_word' id='word_1_13' title='bbox 215 423 299 480; x_wconf 91' lang='lat' dir='ltr'>lia,</span> <span class='ocrx_word' id='word_1_14' title='bbox 328 429 365 476; x_wconf 80' lang='lat'>1)</span> <span class='ocrx_word' id='word_1_15' title='bbox 412 420 592 466; x_wconf 89' lang='lat' dir='ltr'>Vinalia</span> <span class='ocrx_word' id='word_1_16' title='bbox 618 424 671 477; x_wconf 81' lang='lat'>²),</span> <span class='ocrx_word' id='word_1_17' title='bbox 701 420 963 467; x_wconf 89' lang='lat' dir='ltr'>Volcanalia</span> <span class='ocrx_word' id='word_1_18' title='bbox 1000 420 1089 467; x_wconf 81' lang='lat' dir='ltr'>sive</span> <span class='ocrx_word' id='word_1_19' title='bbox 1125 420 1343 467; x_wconf 84' lang='lat' dir='ltr'>Vulcania</span> <span class='ocrx_word' id='word_1_20' title='bbox 1378 429 1435 474; x_wconf 89' lang='lat' dir='ltr'>(v.</span> <span class='ocrx_word' id='word_1_21' title='bbox 1462 418 1580 470; x_wconf 81' lang='lat' dir='ltr'>Plin,</span> 
     </span>
    </p>
   </div>
   <div class='ocr_carea' id='block_1_3' title="bbox 217 482 1581 559">
    <p class='ocr_par' dir='ltr' id='par_1_3' title="bbox 217 482 1581 559">
     <span class='ocr_line' id='line_1_5' title="bbox 217 482 1581 559; baseline -0.004 -15"><span class='ocrx_word' id='word_1_22' title='bbox 217 498 278 544; x_wconf 92' lang='lat' dir='ltr'>H.</span> <span class='ocrx_word' id='word_1_23' title='bbox 308 495 369 543; x_wconf 88' lang='lat' dir='ltr'>N.</span> <span class='ocrx_word' id='word_1_24' title='bbox 402 495 617 541; x_wconf 88' lang='lat' dir='ltr'><strong>XXVIII.</strong></span> <span class='ocrx_word' id='word_1_25' title='bbox 656 482 715 550; x_wconf 52' lang='lat'>2)‘.</span> <span class='ocrx_word' id='word_1_26' title='bbox 746 495 887 542; x_wconf 87' lang='lat' dir='ltr'>Erant</span> <span class='ocrx_word' id='word_1_27' title='bbox 919 495 1099 559; x_wconf 88' lang='lat' dir='ltr'>denique</span> <span class='ocrx_word' id='word_1_28' title='bbox 1134 494 1256 542; x_wconf 86' lang='lat' dir='ltr'>sacra</span> <span class='ocrx_word' id='word_1_29' title='bbox 1288 494 1414 559; x_wconf 86' lang='lat' dir='ltr'>Spei,</span> <span class='ocrx_word' id='word_1_30' title='bbox 1454 492 1581 541; x_wconf 90' lang='lat' dir='ltr'>Salu-</span> 
     </span>
    </p>
   </div>
   <div class='ocr_carea' id='block_1_4' title="bbox 161 568 1615 782">
    <p class='ocr_par' dir='ltr' id='par_1_4' title="bbox 161 568 1615 782">
     <span class='ocr_line' id='line_1_6' title="bbox 217 568 1581 634; baseline -0.002 -18"><span class='ocrx_word' id='word_1_31' title='bbox 217 574 271 618; x_wconf 86' lang='lat' dir='ltr'>tis</span> <span class='ocrx_word' id='word_1_32' title='bbox 304 584 346 617; x_wconf 86' lang='lat' dir='ltr'>et</span> <span class='ocrx_word' id='word_1_33' title='bbox 368 571 572 632; x_wconf 83' lang='lat' dir='ltr'>Dianae,</span> <span class='ocrx_word' id='word_1_34' title='bbox 606 588 712 634; x_wconf 88' lang='lat' dir='ltr'>quae</span> <span class='ocrx_word' id='word_1_35' title='bbox 743 582 1031 616; x_wconf 81' lang='lat' dir='ltr'>memorantur</span> <span class='ocrx_word' id='word_1_36' title='bbox 1060 571 1106 615; x_wconf 90' lang='lat' dir='ltr'>in</span> <span class='ocrx_word' id='word_1_37' title='bbox 1148 569 1388 616; x_wconf 88' lang='lat' dir='ltr'>calendario</span> <span class='ocrx_word' id='word_1_38' title='bbox 1423 568 1581 614; x_wconf 88' lang='lat' dir='ltr'>rustico</span> 
     </span>
     <span class='ocr_line' id='line_1_7' title="bbox 161 643 1580 713; baseline -0.004 -19"><span class='ocrx_word' id='word_1_39' title='bbox 161 709 164 713; x_wconf 92' lang='lat'><em>.</em></span> <span class='ocrx_word' id='word_1_40' title='bbox 216 647 412 710; x_wconf 87' lang='lat' dir='ltr'>antiquo,</span> <span class='ocrx_word' id='word_1_41' title='bbox 446 646 562 710; x_wconf 87' lang='lat' dir='ltr'>quod</span> <span class='ocrx_word' id='word_1_42' title='bbox 593 645 710 692; x_wconf 89' lang='lat' dir='ltr'>Hub.</span> <span class='ocrx_word' id='word_1_43' title='bbox 745 645 940 692; x_wconf 77' lang='lat' dir='ltr'>Goltzius</span> <span class='ocrx_word' id='word_1_44' title='bbox 970 645 1015 691; x_wconf 89' lang='lat' dir='ltr'>in</span> <span class='ocrx_word' id='word_1_45' title='bbox 1046 661 1197 709; x_wconf 90' lang='lat' dir='ltr'>campo</span> <span class='ocrx_word' id='word_1_46' title='bbox 1226 643 1383 691; x_wconf 86' lang='lat' dir='ltr'>Florae</span> <span class='ocrx_word' id='word_1_47' title='bbox 1415 643 1472 690; x_wconf 89' lang='lat' dir='ltr'>ad</span> <span class='ocrx_word' id='word_1_48' title='bbox 1502 658 1580 707; x_wconf 85' lang='lat' dir='ltr'>pa-</span> 
     </span>
     <span class='ocr_line' id='line_1_8' title="bbox 216 717 1615 782; baseline -0.006 -13"><span class='ocrx_word' id='word_1_49' title='bbox 216 723 366 769; x_wconf 88' lang='lat' dir='ltr'>latium</span> <span class='ocrx_word' id='word_1_50' title='bbox 411 722 725 767; x_wconf 88' lang='lat' dir='ltr'>Farnesianum</span> <span class='ocrx_word' id='word_1_51' title='bbox 753 722 810 782; x_wconf 14' lang='lat' dir='ltr'>*in</span> <span class='ocrx_word' id='word_1_52' title='bbox 853 737 1065 767; x_wconf 86' lang='lat' dir='ltr'>marmore</span> <span class='ocrx_word' id='word_1_53' title='bbox 1101 721 1321 767; x_wconf 88' lang='lat' dir='ltr'>inventum</span> <span class='ocrx_word' id='word_1_54' title='bbox 1362 717 1615 782; x_wconf 82' lang='lat' dir='ltr'>exscripsit.</span> 
     </span>
    </p>
   </div>
   <div class='ocr_carea' id='block_1_5' title="bbox 794 212 1008 219">
    <p class='ocr_par' dir='ltr' id='par_1_5' title="bbox 794 212 1008 219">
     <span class='ocr_line' id='line_1_9' title="bbox 794 212 1008 219; baseline 0 0"><span class='ocrx_word' id='word_1_55' title='bbox 794 212 1008 219; x_wconf 95' lang='lat' dir='ltr'> </span> 
     </span>
    </p>
   </div>
   <div class='ocr_carea' id='block_1_6' title="bbox 218 792 1588 933">
    <p class='ocr_par' dir='ltr' id='par_1_6' title="bbox 218 792 1588 933">
     <span class='ocr_line' id='line_1_10' title="bbox 218 792 1588 858; baseline -0.005 -13"><span class='ocrx_word' id='word_1_56' title='bbox 218 809 262 845; x_wconf 87' lang='lat' dir='ltr'>et</span> <span class='ocrx_word' id='word_1_57' title='bbox 311 798 358 844; x_wconf 89' lang='lat' dir='ltr'>in</span> <span class='ocrx_word' id='word_1_58' title='bbox 403 814 526 842; x_wconf 88' lang='lat' dir='ltr'>suum</span> <span class='ocrx_word' id='word_1_59' title='bbox 569 796 882 858; x_wconf 75' lang='lat' dir='ltr'>Antiquitatum</span> <span class='ocrx_word' id='word_1_60' title='bbox 933 795 1208 842; x_wconf 89' lang='lat' dir='ltr'>Thesaurum</span> <span class='ocrx_word' id='word_1_61' title='bbox 1257 795 1411 841; x_wconf 84' lang='lat' dir='ltr'>intulit.</span> <span class='ocrx_word' id='word_1_62' title='bbox 1497 792 1588 840; x_wconf 76' lang='lat' dir='ltr'>His</span> 
     </span>
     <span class='ocr_line' id='line_1_11' title="bbox 218 870 1584 933; baseline -0.004 -13"><span class='ocrx_word' id='word_1_63' title='bbox 218 872 566 920; x_wconf 83' lang='lat' dir='ltr'>omnibus-seriis</span> <span class='ocrx_word' id='word_1_64' title='bbox 602 870 816 933; x_wconf 85' lang='lat' dir='ltr'>agricolae</span> <span class='ocrx_word' id='word_1_65' title='bbox 854 870 962 917; x_wconf 89' lang='lat' dir='ltr'>ludis</span> <span class='ocrx_word' id='word_1_66' title='bbox 996 872 1227 927; x_wconf 88' lang='lat' dir='ltr'>vacabant,</span> <span class='ocrx_word' id='word_1_67' title='bbox 1262 872 1376 933; x_wconf 92' lang='lat' dir='ltr'>quod</span> <span class='ocrx_word' id='word_1_68' title='bbox 1408 888 1507 916; x_wconf 90' lang='lat' dir='ltr'>vero</span> <span class='ocrx_word' id='word_1_69' title='bbox 1538 870 1584 915; x_wconf 90' lang='lat' dir='ltr'>in</span> 
     </span>
    </p>
   </div>
   <div class='ocr_carea' id='block_1_7' title="bbox 218 943 1656 1006">
    <p class='ocr_par' dir='ltr' id='par_1_7' title="bbox 218 943 1656 1006">
     <span class='ocr_line' id='line_1_12' title="bbox 218 943 1656 1006; baseline -0.003 -13"><span class='ocrx_word' id='word_1_70' title='bbox 218 947 414 993; x_wconf 82' lang='lat' dir='ltr'>omnibus</span> <span class='ocrx_word' id='word_1_71' title='bbox 455 946 615 989; x_wconf 89' lang='lat' dir='ltr'>eadem·</span> <span class='ocrx_word' id='word_1_72' title='bbox 645 943 791 988; x_wconf 83' lang='lat' dir='ltr'>fabula</span> <span class='ocrx_word' id='word_1_73' title='bbox 829 944 1009 1001; x_wconf 75' lang='lat' dir='ltr'>luditur,</span> <span class='ocrx_word' id='word_1_74' title='bbox 1049 945 1219 1006; x_wconf 82' lang='lat' dir='ltr'>singula</span> <span class='ocrx_word' id='word_1_75' title='bbox 1260 956 1480 991; x_wconf 83' lang='lat' dir='ltr'>auctorum</span> <span class='ocrx_word' id='word_1_76' title='bbox 1519 955 1581 988; x_wconf 87' lang='lat' dir='ltr'>te·</span> <span class='ocrx_word' id='word_1_77' title='bbox 1653 995 1656 999; x_wconf 44' lang='grc'>,</span> 
     </span>
    </p>
   </div>
   <div class='ocr_carea' id='block_1_8' title="bbox 213 1018 1585 2201">
    <p class='ocr_par' dir='ltr' id='par_1_8' title="bbox 213 1018 1585 2201">
     <span class='ocr_line' id='line_1_13' title="bbox 218 1018 1581 1082; baseline -0.003 -15"><span class='ocrx_word' id='word_1_78' title='bbox 218 1021 417 1067; x_wconf 90' lang='lat' dir='ltr'>stimonia</span> <span class='ocrx_word' id='word_1_79' title='bbox 453 1036 541 1063; x_wconf 90' lang='lat' dir='ltr'>non</span> <span class='ocrx_word' id='word_1_80' title='bbox 578 1018 746 1074; x_wconf 80' lang='lat' dir='ltr'>addidi,</span> <span class='ocrx_word' id='word_1_81' title='bbox 781 1021 889 1080; x_wconf 83' lang='lat' dir='ltr'>quae</span> <span class='ocrx_word' id='word_1_82' title='bbox 920 1019 1036 1082; x_wconf 91' lang='lat' dir='ltr'>apud</span> <span class='ocrx_word' id='word_1_83' title='bbox 1089 1019 1365 1076; x_wconf 87' lang='lat' dir='ltr'>Varronem,</span> <span class='ocrx_word' id='word_1_84' title='bbox 1395 1018 1581 1075; x_wconf 88' lang='lat' dir='ltr'>Livium,</span> 
     </span>
     <span class='ocr_line' id='line_1_14' title="bbox 217 1093 1581 1151; baseline -0.004 -9"><span class='ocrx_word' id='word_1_85' title='bbox 217 1095 450 1151; x_wconf 79' lang='lat' dir='ltr'>Ovidium,</span> <span class='ocrx_word' id='word_1_86' title='bbox 496 1093 603 1138; x_wconf 84' lang='lat' dir='ltr'>Val.</span> <span class='ocrx_word' id='word_1_87' title='bbox 644 1093 900 1149; x_wconf 82' lang='lat' dir='ltr'>Maximum,</span> <span class='ocrx_word' id='word_1_88' title='bbox 947 1093 1251 1151; x_wconf 74' lang='lat' dir='ltr'>Plutarchum,</span> <span class='ocrx_word' id='word_1_89' title='bbox 1291 1093 1581 1150; x_wconf 69' lang='lat' dir='ltr'>Blacrohium‚</span> 
     </span>
     <span class='ocr_line' id='line_1_15' title="bbox 213 1167 1580 1229; baseline -0.002 -13"><span class='ocrx_word' id='word_1_90' title='bbox 213 1171 394 1216; x_wconf 85' lang='lat' dir='ltr'>Festum</span> <span class='ocrx_word' id='word_1_91' title='bbox 425 1178 587 1223; x_wconf 83' lang='lat' dir='ltr'>extant,</span> <span class='ocrx_word' id='word_1_92' title='bbox 625 1167 845 1229; x_wconf 88' lang='lat' dir='ltr'>librosque</span> <span class='ocrx_word' id='word_1_93' title='bbox 884 1167 1055 1213; x_wconf 89' lang='lat' dir='ltr'>illorum</span> <span class='ocrx_word' id='word_1_94' title='bbox 1094 1168 1360 1214; x_wconf 87' lang='lat' dir='ltr'>evolventem</span> <span class='ocrx_word' id='word_1_95' title='bbox 1396 1185 1484 1213; x_wconf 92' lang='lat' dir='ltr'>non</span> <span class='ocrx_word' id='word_1_96' title='bbox 1514 1167 1580 1213; x_wconf 87' lang='lat' dir='ltr'>su-</span> 
     </span>
     <span class='ocr_line' id='line_1_16' title="bbox 218 1241 1583 1307; baseline 0 -17"><span class='ocrx_word' id='word_1_97' title='bbox 218 1246 349 1307; x_wconf 88' lang='lat' dir='ltr'>gient.</span> <span class='ocrx_word' id='word_1_98' title='bbox 410 1241 622 1298; x_wconf 87' lang='lat' dir='ltr'>Floralia,</span> <span class='ocrx_word' id='word_1_99' title='bbox 670 1258 929 1303; x_wconf 87' lang='lat' dir='ltr'>quamquam</span> <span class='ocrx_word' id='word_1_100' title='bbox 971 1242 1061 1288; x_wconf 86' lang='lat' dir='ltr'>ludi</span> <span class='ocrx_word' id='word_1_101' title='bbox 1105 1242 1188 1288; x_wconf 89' lang='lat' dir='ltr'>hoc</span> <span class='ocrx_word' id='word_1_102' title='bbox 1224 1243 1335 1288; x_wconf 89' lang='lat' dir='ltr'>festo</span> <span class='ocrx_word' id='word_1_103' title='bbox 1382 1243 1583 1290; x_wconf 87' lang='lat' dir='ltr'>celebrati</span> 
     </span>
     <span class='ocr_line' id='line_1_17' title="bbox 218 1317 1583 1385; baseline 0 -20"><span class='ocrx_word' id='word_1_104' title='bbox 218 1318 385 1381; x_wconf 83' lang='lat' dir='ltr'>egregie</span> <span class='ocrx_word' id='word_1_105' title='bbox 417 1334 497 1381; x_wconf 91' lang='lat' dir='ltr'>pro</span> <span class='ocrx_word' id='word_1_106' title='bbox 528 1334 572 1361; x_wconf 87' lang='lat' dir='ltr'>re</span> <span class='ocrx_word' id='word_1_107' title='bbox 604 1332 698 1361; x_wconf 89' lang='lat' dir='ltr'>mea</span> <span class='ocrx_word' id='word_1_108' title='bbox 729 1327 910 1374; x_wconf 89' lang='lat' dir='ltr'>certant,</span> <span class='ocrx_word' id='word_1_109' title='bbox 941 1328 1087 1363; x_wconf 87' lang='lat' dir='ltr'>tamen</span> <span class='ocrx_word' id='word_1_110' title='bbox 1116 1317 1184 1364; x_wconf 87' lang='lat' dir='ltr'>hic</span> <span class='ocrx_word' id='word_1_111' title='bbox 1214 1317 1368 1366; x_wconf 82' lang='lat' dir='ltr'>afferre</span> <span class='ocrx_word' id='word_1_112' title='bbox 1399 1320 1583 1385; x_wconf 86' lang='lat' dir='ltr'>primum</span> 
     </span>
     <span class='ocr_line' id='line_1_18' title="bbox 220 1390 1581 1454; baseline 0.001 -14"><span class='ocrx_word' id='word_1_113' title='bbox 220 1392 435 1449; x_wconf 83' lang='lat' dir='ltr'>dubitavi,</span> <span class='ocrx_word' id='word_1_114' title='bbox 469 1392 582 1454; x_wconf 87' lang='lat' dir='ltr'>quod</span> <span class='ocrx_word' id='word_1_115' title='bbox 614 1410 664 1438; x_wconf 84' lang='lat' dir='ltr'>ex</span> <span class='ocrx_word' id='word_1_116' title='bbox 694 1390 826 1437; x_wconf 89' lang='lat' dir='ltr'>Plinii</span> <span class='ocrx_word' id='word_1_117' title='bbox 849 1392 908 1437; x_wconf 90' lang='lat' dir='ltr'>H.</span> <span class='ocrx_word' id='word_1_118' title='bbox 932 1390 993 1453; x_wconf 45' lang='lat' dir='ltr'>Ns</span> <span class='ocrx_word' id='word_1_119' title='bbox 1014 1393 1189 1442; x_wconf 87' lang='lat' dir='ltr'>XVIII.</span> <span class='ocrx_word' id='word_1_120' title='bbox 1221 1394 1292 1448; x_wconf 87' lang='lat'>69.</span> <span class='ocrx_word' id='word_1_121' title='bbox 1323 1406 1374 1451; x_wconf 85' lang='lat'>3,</span> <span class='ocrx_word' id='word_1_122' title='bbox 1407 1407 1449 1441; x_wconf 87' lang='lat' dir='ltr'>et</span> <span class='ocrx_word' id='word_1_123' title='bbox 1472 1396 1581 1442; x_wconf 88' lang='lat' dir='ltr'>Ovi-</span> 
     </span>
     <span class='ocr_line' id='line_1_19' title="bbox 220 1466 1582 1532; baseline 0.001 -18"><span class='ocrx_word' id='word_1_124' title='bbox 220 1468 278 1514; x_wconf 87' lang='lat' dir='ltr'>dii</span> <span class='ocrx_word' id='word_1_125' title='bbox 308 1467 427 1512; x_wconf 86' lang='lat' dir='ltr'>Fast.</span> <span class='ocrx_word' id='word_1_126' title='bbox 461 1466 525 1512; x_wconf 87' lang='lat' dir='ltr'>V.</span> <span class='ocrx_word' id='word_1_127' title='bbox 552 1476 660 1532; x_wconf 68' lang='lat'>329.</span> <span class='ocrx_word' id='word_1_128' title='bbox 693 1477 873 1522; x_wconf 88' lang='lat' dir='ltr'>constat,</span> <span class='ocrx_word' id='word_1_129' title='bbox 905 1466 1100 1513; x_wconf 92' lang='lat' dir='ltr'>Floralia</span> <span class='ocrx_word' id='word_1_130' title='bbox 1130 1480 1231 1531; x_wconf 88' lang='lat' dir='ltr'>post</span> <span class='ocrx_word' id='word_1_131' title='bbox 1260 1468 1374 1515; x_wconf 87' lang='lat' dir='ltr'>Livii</span> <span class='ocrx_word' id='word_1_132' title='bbox 1412 1471 1582 1516; x_wconf 90' lang='lat' dir='ltr'>Andro-</span> 
     </span>
     <span class='ocr_line' id='line_1_20' title="bbox 216 1541 1582 1605; baseline 0.002 -17"><span class='ocrx_word' id='word_1_133' title='bbox 216 1543 302 1588; x_wconf 88' lang='lat' dir='ltr'>nici</span> <span class='ocrx_word' id='word_1_134' title='bbox 332 1553 526 1603; x_wconf 81' lang='lat' dir='ltr'>tempora</span> <span class='ocrx_word' id='word_1_135' title='bbox 557 1541 748 1586; x_wconf 86' lang='lat' dir='ltr'>instituta</span> <span class='ocrx_word' id='word_1_136' title='bbox 779 1558 888 1586; x_wconf 88' lang='lat' dir='ltr'>esse.</span> <span class='ocrx_word' id='word_1_137' title='bbox 949 1543 1058 1588; x_wconf 86' lang='lat' dir='ltr'>Joca</span> <span class='ocrx_word' id='word_1_138' title='bbox 1087 1543 1250 1605; x_wconf 91' lang='lat' dir='ltr'>itaque,</span> <span class='ocrx_word' id='word_1_139' title='bbox 1282 1544 1420 1601; x_wconf 89' lang='lat' dir='ltr'>chori,</span> <span class='ocrx_word' id='word_1_140' title='bbox 1452 1545 1582 1591; x_wconf 87' lang='lat' dir='ltr'>salta-</span> 
     </span>
     <span class='ocr_line' id='line_1_21' title="bbox 218 1615 1583 1680; baseline 0.004 -18"><span class='ocrx_word' id='word_1_141' title='bbox 218 1618 442 1679; x_wconf 86' lang='lat' dir='ltr'>tionesquc</span> <span class='ocrx_word' id='word_1_142' title='bbox 474 1615 763 1672; x_wconf 89' lang='lat' dir='ltr'>meretricum,</span> <span class='ocrx_word' id='word_1_143' title='bbox 808 1616 859 1660; x_wconf 89' lang='lat' dir='ltr'>de</span> <span class='ocrx_word' id='word_1_144' title='bbox 905 1616 1055 1678; x_wconf 91' lang='lat' dir='ltr'>quibus</span> <span class='ocrx_word' id='word_1_145' title='bbox 1087 1629 1256 1680; x_wconf 87' lang='lat' dir='ltr'>praeter</span> <span class='ocrx_word' id='word_1_146' title='bbox 1287 1620 1395 1665; x_wconf 83' lang='lat' dir='ltr'>alios</span> <span class='ocrx_word' id='word_1_147' title='bbox 1427 1619 1583 1668; x_wconf 81' lang='lat' dir='ltr'>Valer.</span> 
     </span>
     <span class='ocr_line' id='line_1_22' title="bbox 218 1690 1585 1750; baseline 0.004 -14"><span class='ocrx_word' id='word_1_148' title='bbox 218 1691 437 1737; x_wconf 86' lang='lat' dir='ltr'>Maximus</span> <span class='ocrx_word' id='word_1_149' title='bbox 469 1692 629 1746; x_wconf 21' lang='lat' dir='ltr'>II.-10.</span> <span class='ocrx_word' id='word_1_150' title='bbox 664 1696 705 1746; x_wconf 86' lang='grc'>8,</span> <span class='ocrx_word' id='word_1_151' title='bbox 737 1690 954 1736; x_wconf 90' lang='lat' dir='ltr'>Arnobius</span> <span class='ocrx_word' id='word_1_152' title='bbox 988 1692 1087 1736; x_wconf 90' lang='lat' dir='ltr'>adv.</span> <span class='ocrx_word' id='word_1_153' title='bbox 1121 1692 1266 1750; x_wconf 64' lang='lat' dir='ltr'>Germ,</span> <span class='ocrx_word' id='word_1_154' title='bbox 1298 1694 1403 1740; x_wconf 92' lang='lat' dir='ltr'><strong>VII.</strong></span> <span class='ocrx_word' id='word_1_155' title='bbox 1438 1705 1509 1750; x_wconf 84' lang='lat'>33,</span> <span class='ocrx_word' id='word_1_156' title='bbox 1543 1707 1585 1741; x_wconf 89' lang='lat' dir='ltr'>et</span> 
     </span>
     <span class='ocr_line' id='line_1_23' title="bbox 220 1764 1583 1832; baseline 0.003 -20"><span class='ocrx_word' id='word_1_157' title='bbox 220 1765 413 1823; x_wconf 34' lang='lat' dir='ltr'>Ovid.,l.</span> <span class='ocrx_word' id='word_1_158' title='bbox 436 1764 464 1810; x_wconf 90' lang='lat' dir='ltr'>l.</span> <span class='ocrx_word' id='word_1_159' title='bbox 496 1765 595 1810; x_wconf 90' lang='lat' dir='ltr'>inde</span> <span class='ocrx_word' id='word_1_160' title='bbox 629 1781 668 1810; x_wconf 91' lang='lat' dir='ltr'>a.</span> <span class='ocrx_word' id='word_1_161' title='bbox 688 1783 726 1811; x_wconf 76' lang='lat' dir='ltr'>v,</span> <span class='ocrx_word' id='word_1_162' title='bbox 758 1768 859 1821; x_wconf 77' lang='lat'>391.</span> <span class='ocrx_word' id='word_1_163' title='bbox 904 1767 1181 1829; x_wconf 87' lang='lat' dir='ltr'>comparandi</span> <span class='ocrx_word' id='word_1_164' title='bbox 1213 1779 1324 1825; x_wconf 88' lang='lat' dir='ltr'>sunt,</span> <span class='ocrx_word' id='word_1_165' title='bbox 1356 1769 1497 1832; x_wconf 87' lang='lat' dir='ltr'>potius</span> <span class='ocrx_word' id='word_1_166' title='bbox 1529 1770 1583 1817; x_wconf 85' lang='lat' dir='ltr'>ab</span> 
     </span>
     <span class='ocr_line' id='line_1_24' title="bbox 220 1840 1583 1906; baseline 0.004 -20"><span class='ocrx_word' id='word_1_167' title='bbox 220 1841 459 1894; x_wconf 86' lang='lat' dir='ltr'>auctoribus</span> <span class='ocrx_word' id='word_1_168' title='bbox 492 1842 594 1886; x_wconf 88' lang='lat' dir='ltr'>artis</span> <span class='ocrx_word' id='word_1_169' title='bbox 629 1840 820 1886; x_wconf 89' lang='lat' dir='ltr'>scenicae</span> <span class='ocrx_word' id='word_1_170' title='bbox 854 1841 1076 1903; x_wconf 87' lang='lat' dir='ltr'>desumpta</span> <span class='ocrx_word' id='word_1_171' title='bbox 1109 1842 1324 1899; x_wconf 88' lang='lat' dir='ltr'>videntur,</span> <span class='ocrx_word' id='word_1_172' title='bbox 1358 1862 1583 1906; x_wconf 18' lang='lat' dir='ltr'>quam-an-</span> 
     </span>
     <span class='ocr_line' id='line_1_25' title="bbox 220 1914 1583 1979; baseline 0.004 -18"><span class='ocrx_word' id='word_1_173' title='bbox 220 1915 396 1977; x_wconf 85' lang='lat' dir='ltr'>tiquitus</span> <span class='ocrx_word' id='word_1_174' title='bbox 430 1925 614 1978; x_wconf 85' lang='lat' dir='ltr'>accepta.</span> <span class='ocrx_word' id='word_1_175' title='bbox 677 1914 905 1978; x_wconf 81' lang='lat' dir='ltr'>Agricolas</span> <span class='ocrx_word' id='word_1_176' title='bbox 938 1926 1078 1960; x_wconf 87' lang='lat' dir='ltr'>autem</span> <span class='ocrx_word' id='word_1_177' title='bbox 1098 1917 1262 1979; x_wconf 88' lang='lat' dir='ltr'>priscos</span> <span class='ocrx_word' id='word_1_178' title='bbox 1285 1917 1437 1964; x_wconf 89' lang='lat' dir='ltr'>florum</span> <span class='ocrx_word' id='word_1_179' title='bbox 1459 1921 1583 1968; x_wconf 88' lang='lat' dir='ltr'>deam</span> 
     </span>
     <span class='ocr_line' id='line_1_26' title="bbox 220 1988 1581 2055; baseline 0.004 -20"><span class='ocrx_word' id='word_1_180' title='bbox 220 1990 310 2035; x_wconf 90' lang='lat' dir='ltr'>iam</span> <span class='ocrx_word' id='word_1_181' title='bbox 342 1988 475 2032; x_wconf 89' lang='lat' dir='ltr'>multo</span> <span class='ocrx_word' id='word_1_182' title='bbox 508 1999 606 2033; x_wconf 86' lang='lat' dir='ltr'>ante</span> <span class='ocrx_word' id='word_1_183' title='bbox 638 1988 821 2034; x_wconf 86' lang='lat' dir='ltr'>coluisse</span> <span class='ocrx_word' id='word_1_184' title='bbox 854 1990 943 2033; x_wconf 89' lang='lat' dir='ltr'>veri</span> <span class='ocrx_word' id='word_1_185' title='bbox 973 2001 1038 2034; x_wconf 89' lang='lat' dir='ltr'>est</span> <span class='ocrx_word' id='word_1_186' title='bbox 1070 1990 1225 2043; x_wconf 81' lang='lat' dir='ltr'>simile3</span> <span class='ocrx_word' id='word_1_187' title='bbox 1259 1993 1330 2053; x_wconf 89' lang='lat' dir='ltr'>qui</span> <span class='ocrx_word' id='word_1_188' title='bbox 1361 1994 1471 2039; x_wconf 82' lang='lat' dir='ltr'>enim</span> <span class='ocrx_word' id='word_1_189' title='bbox 1489 1995 1581 2055; x_wconf 26' lang='lat' dir='ltr'>Ro·-</span> 
     </span>
     <span class='ocr_line' id='line_1_27' title="bbox 221 2061 1583 2131; baseline 0.007 -22"><span class='ocrx_word' id='word_1_190' title='bbox 221 2063 410 2125; x_wconf 88' lang='lat' dir='ltr'>biginem</span> <span class='ocrx_word' id='word_1_191' title='bbox 444 2073 485 2107; x_wconf 89' lang='lat' dir='ltr'>et</span> <span class='ocrx_word' id='word_1_192' title='bbox 514 2061 551 2106; x_wconf 89' lang='lat' dir='ltr'>F</span> <span class='ocrx_word' id='word_1_193' title='bbox 555 2078 753 2108; x_wconf 86' lang='lat' dir='ltr'>ornacem</span> <span class='ocrx_word' id='word_1_194' title='bbox 777 2062 1105 2121; x_wconf 87' lang='lat' dir='ltr'>venerabantur,</span> <span class='ocrx_word' id='word_1_195' title='bbox 1136 2064 1247 2110; x_wconf 91' lang='lat' dir='ltr'>hanc</span> <span class='ocrx_word' id='word_1_196' title='bbox 1270 2083 1435 2131; x_wconf 90' lang='lat' dir='ltr'>quoque</span> <span class='ocrx_word' id='word_1_197' title='bbox 1458 2071 1583 2118; x_wconf 87' lang='lat' dir='ltr'>deam</span> 
     </span>
     <span class='ocr_line' id='line_1_28' title="bbox 223 2137 1583 2201; baseline 0.004 -17"><span class='ocrx_word' id='word_1_198' title='bbox 223 2139 345 2184; x_wconf 90' lang='lat' dir='ltr'>cordi</span> <span class='ocrx_word' id='word_1_199' title='bbox 390 2137 547 2183; x_wconf 87' lang='lat' dir='ltr'>habere</span> <span class='ocrx_word' id='word_1_200' title='bbox 596 2137 834 2193; x_wconf 88' lang='lat' dir='ltr'>debebant,</span> <span class='ocrx_word' id='word_1_201' title='bbox 875 2156 981 2201; x_wconf 90' lang='lat' dir='ltr'>quae</span> <span class='ocrx_word' id='word_1_202' title='bbox 1022 2139 1068 2183; x_wconf 89' lang='lat' dir='ltr'>in</span> <span class='ocrx_word' id='word_1_203' title='bbox 1097 2140 1208 2185; x_wconf 89' lang='lat' dir='ltr'>arvis</span> <span class='ocrx_word' id='word_1_204' title='bbox 1238 2143 1467 2192; x_wconf 80' lang='lat' dir='ltr'>maximam</span> <span class='ocrx_word' id='word_1_205' title='bbox 1496 2146 1583 2191; x_wconf 87' lang='lat' dir='ltr'>vim</span> 
     </span>
    </p>
   </div>
   <div class='ocr_carea' id='block_1_9' title="bbox 221 2211 1264 2280">
    <p class='ocr_par' dir='ltr' id='par_1_9' title="bbox 221 2211 1264 2280">
     <span class='ocr_line' id='line_1_29' title="bbox 221 2211 1264 2280; baseline 0.002 -20"><span class='ocrx_word' id='word_1_206' title='bbox 221 2213 458 2260; x_wconf 81' lang='lat' dir='ltr'>exercebat.</span> <span class='ocrx_word' id='word_1_207' title='bbox 523 2211 613 2258; x_wconf 81' lang='lat' dir='ltr'>Cfr.</span> <span class='ocrx_word' id='word_1_208' title='bbox 649 2212 769 2258; x_wconf 84' lang='lat' dir='ltr'>Ovid</span> <span class='ocrx_word' id='word_1_209' title='bbox 801 2212 918 2259; x_wconf 89' lang='lat' dir='ltr'>Fast.</span> <span class='ocrx_word' id='word_1_210' title='bbox 948 2212 1010 2261; x_wconf 86' lang='lat' dir='ltr'>V.</span> <span class='ocrx_word' id='word_1_211' title='bbox 1044 2214 1143 2273; x_wconf 88' lang='lat'>261,</span> <span class='ocrx_word' id='word_1_212' title='bbox 1167 2232 1264 2280; x_wconf 78' lang='lat' dir='ltr'>sqq.</span> 
     </span>
    </p>
   </div>
   <div class='ocr_carea' id='block_1_10' title="bbox 224 2311 508 2316">
    <p class='ocr_par' dir='ltr' id='par_1_10' title="bbox 224 2311 508 2316">
     <span class='ocr_line' id='line_1_30' title="bbox 224 2311 508 2316; baseline 0 0"><span class='ocrx_word' id='word_1_213' title='bbox 224 2311 508 2316; x_wconf 95' lang='lat' dir='ltr'> </span> 
     </span>
    </p>
   </div>
   <div class='ocr_carea' id='block_1_11' title="bbox 220 2351 1586 2639">
    <p class='ocr_par' dir='ltr' id='par_1_11' title="bbox 220 2351 1585 2468">
     <span class='ocr_line' id='line_1_31' title="bbox 320 2351 1585 2407; baseline 0.007 -19"><span class='ocrx_word' id='word_1_214' title='bbox 320 2351 357 2399; x_wconf 90' lang='lat'>¹)</span> <span class='ocrx_word' id='word_1_215' title='bbox 384 2352 705 2400; x_wconf 69' lang='lat' dir='ltr'>compitaliorum</span> <span class='ocrx_word' id='word_1_216' title='bbox 737 2353 834 2389; x_wconf 83' lang='lat' dir='ltr'>ratio</span> <span class='ocrx_word' id='word_1_217' title='bbox 868 2366 948 2390; x_wconf 90' lang='lat' dir='ltr'>non</span> <span class='ocrx_word' id='word_1_218' title='bbox 972 2355 1062 2393; x_wconf 79' lang='lat' dir='ltr'>satis</span> <span class='ocrx_word' id='word_1_219' title='bbox 1093 2356 1227 2407; x_wconf 86' lang='lat' dir='ltr'>liquet.</span> <span class='ocrx_word' id='word_1_220' title='bbox 1276 2361 1415 2396; x_wconf 81' lang='lat' dir='ltr'>Paulus</span> <span class='ocrx_word' id='word_1_221' title='bbox 1443 2361 1585 2396; x_wconf 86' lang='lat' dir='ltr'>Manu-</span> 
     </span>
     <span class='ocr_line' id='line_1_32' title="bbox 220 2405 1582 2468; baseline 0.006 -21"><span class='ocrx_word' id='word_1_222' title='bbox 220 2410 298 2448; x_wconf 85' lang='lat' dir='ltr'>tius</span> <span class='ocrx_word' id='word_1_223' title='bbox 312 2414 434 2447; x_wconf 82' lang='lat' dir='ltr'>multa</span> <span class='ocrx_word' id='word_1_224' title='bbox 450 2414 607 2461; x_wconf 76' lang='lat' dir='ltr'>quidem</span> <span class='ocrx_word' id='word_1_225' title='bbox 621 2414 671 2459; x_wconf 73' lang='lat' dir='ltr'>de</span> <span class='ocrx_word' id='word_1_226' title='bbox 686 2411 735 2460; x_wconf 57' lang='lat' dir='ltr'>iis&#39;</span> <span class='ocrx_word' id='word_1_227' title='bbox 746 2413 948 2462; x_wconf 77' lang='lat' dir='ltr'>congessit,</span> <span class='ocrx_word' id='word_1_228' title='bbox 961 2415 1024 2451; x_wconf 85' lang='lat' dir='ltr'>sed</span> <span class='ocrx_word' id='word_1_229' title='bbox 1034 2405 1178 2453; x_wconf 69' lang='lat' dir='ltr'>acriore</span> <span class='ocrx_word' id='word_1_230' title='bbox 1190 2417 1582 2468; x_wconf 71' lang='lat' dir='ltr'>illustrationeegent.</span> 
     </span>
    </p>

    <p class='ocr_par' dir='ltr' id='par_1_12' title="bbox 222 2472 1586 2639">
     <span class='ocr_line' id='line_1_33' title="bbox 317 2472 1586 2526; baseline 0.006 -20"><span class='ocrx_word' id='word_1_231' title='bbox 317 2473 352 2517; x_wconf 76' lang='lat'>2)</span> <span class='ocrx_word' id='word_1_232' title='bbox 382 2474 441 2507; x_wconf 84' lang='lat' dir='ltr'>De</span> <span class='ocrx_word' id='word_1_233' title='bbox 474 2472 681 2509; x_wconf 84' lang='lat' dir='ltr'>Vinalibus</span> <span class='ocrx_word' id='word_1_234' title='bbox 711 2473 791 2516; x_wconf 20' lang='lat' dir='ltr'>*cfr-</span> <span class='ocrx_word' id='word_1_235' title='bbox 825 2475 904 2508; x_wconf 79' lang='lat' dir='ltr'>JOS.</span> <span class='ocrx_word' id='word_1_236' title='bbox 958 2475 1193 2525; x_wconf 85' lang='lat' dir='ltr'>Scaligerum</span> <span class='ocrx_word' id='word_1_237' title='bbox 1228 2477 1391 2526; x_wconf 74' lang='lat' dir='ltr'>Castigg.</span> <span class='ocrx_word' id='word_1_238' title='bbox 1425 2477 1472 2513; x_wconf 89' lang='lat' dir='ltr'>ad</span> <span class='ocrx_word' id='word_1_239' title='bbox 1503 2476 1586 2514; x_wconf 83' lang='lat' dir='ltr'>-Fe-</span> 
     </span>
     <span class='ocr_line' id='line_1_34' title="bbox 222 2531 1584 2588; baseline 0.007 -22"><span class='ocrx_word' id='word_1_240' title='bbox 222 2536 322 2567; x_wconf 78' lang='lat' dir='ltr'>stum</span> <span class='ocrx_word' id='word_1_241' title='bbox 347 2543 377 2578; x_wconf 85' lang='lat' dir='ltr'>s.</span> <span class='ocrx_word' id='word_1_242' title='bbox 402 2531 443 2568; x_wconf 92' lang='lat' dir='ltr'>h.</span> <span class='ocrx_word' id='word_1_243' title='bbox 470 2543 508 2568; x_wconf 80' lang='lat' dir='ltr'>v.</span> <span class='ocrx_word' id='word_1_244' title='bbox 535 2534 706 2576; x_wconf 75' lang='lat' dir='ltr'>Fortasse</span> <span class='ocrx_word' id='word_1_245' title='bbox 743 2532 877 2576; x_wconf 31' lang='lat' dir='ltr'>eade-m</span> <span class='ocrx_word' id='word_1_246' title='bbox 910 2540 1017 2580; x_wconf 86' lang='lat' dir='ltr'>sunt,</span> <span class='ocrx_word' id='word_1_247' title='bbox 1056 2536 1104 2573; x_wconf 84' lang='lat' dir='ltr'>de</span> <span class='ocrx_word' id='word_1_248' title='bbox 1143 2536 1287 2587; x_wconf 87' lang='lat' dir='ltr'>quibus</span> <span class='ocrx_word' id='word_1_249' title='bbox 1311 2536 1421 2586; x_wconf 85' lang='lat' dir='ltr'>Virg.</span> <span class='ocrx_word' id='word_1_250' title='bbox 1449 2537 1584 2588; x_wconf 83' lang='lat' dir='ltr'>Georg.</span> 
     </span>
     <span class='ocr_line' id='line_1_35' title="bbox 223 2587 1235 2639; baseline 0.007 -15"><span class='ocrx_word' id='word_1_251' title='bbox 223 2588 273 2623; x_wconf 87' lang='grc' dir='ltr'>ΙΙ.</span> <span class='ocrx_word' id='word_1_252' title='bbox 301 2593 383 2634; x_wconf 83' lang='grc'><strong>385,</strong></span> <span class='ocrx_word' id='word_1_253' title='bbox 414 2589 499 2639; x_wconf 74' lang='lat' dir='ltr'>sq&#39;q.</span> <span class='ocrx_word' id='word_1_254' title='bbox 526 2598 562 2627; x_wconf 86' lang='lat' dir='ltr'>et</span> <span class='ocrx_word' id='word_1_255' title='bbox 585 2592 629 2627; x_wconf 86' lang='lat' dir='ltr'>in</span> <span class='ocrx_word' id='word_1_256' title='bbox 652 2591 727 2627; x_wconf 83' lang='lat' dir='ltr'>fine</span> <span class='ocrx_word' id='word_1_257' title='bbox 752 2591 925 2628; x_wconf 83' lang='lat' dir='ltr'>eiusdem</span> <span class='ocrx_word' id='word_1_258' title='bbox 949 2593 1041 2631; x_wconf 85' lang='lat' dir='ltr'>libri</span> <span class='ocrx_word' id='word_1_259' title='bbox 1065 2595 1182 2633; x_wconf 88' lang='lat' dir='ltr'>canit.</span> <span class='ocrx_word' id='word_1_260' title='bbox 1233 2587 1235 2589; x_wconf 17' lang='lat' dir='ltr'>V</span> 
     </span>
    </p>
   </div>
  </div>
 </body>
</html>
