1730 3015
929 77 1010 142 66

283 251 379 282 cum
412 233 534 282 Osca
565 232 746 287 dicatur3
779 231 955 294 Sagaris
987 232 1101 279 enim
1131 249 1186 279 ne
1226 247 1322 278 eam
1359 230 1531 296 quidem
1571 248 1645 278 au-

283 310 522 357 ctoritatem
569 325 700 370 quam
746 308 934 370 reliquae
978 308 1122 368 habet²
1195 303 1460 355 Sententiam
1507 317 1648 352 autem

285 402 423 431 meam
456 384 509 429 (le
540 382 767 428 Atellanis⁴
786 382 866 429 hae
896 400 1107 446 personae
1150 399 1328 447 quoque,
1368 381 1646 444 undecunque

284 461 534 522 desumptae
571 458 697 513 fuere,
741 458 906 520 egregie
945 458 1196 512 defendunt;
1237 457 1327 502 ludi
1364 457 1497 512 enim,
1536 452 1646 501 anti·
1706 514 1708 517 .

282 550 464 597 quorum
495 532 747 578 rusticorum
777 549 916 578 mores
950 533 1231 579 describentes
1249 530 1419 587 Macco,
1449 530 1648 577 Buccone
1706 521 1708 534 ⁵

285 620 327 653 et
347 608 506 671 Pappo
538 608 607 653 vix
639 625 782 653 carere
815 618 1027 670 poterant.
1089 608 1310 654 Accedunt
1331 606 1506 669 quidam
1528 606 1645 651 Var-

287 683 404 728 ronis
438 682 534 740 loci,
585 683 632 729 in
670 683 821 747 quibus
857 683 1242 747 pronuntiationem
1280 693 1351 728 aut
1393 680 1648 728 vocabulum

283 769 497 804 vetustum
529 758 736 803 Latinum
766 758 960 821 laudans,
1004 759 1103 804 dicit
1132 758 1309 803 rusticos
1351 757 1397 802 in
1435 755 1646 801 Atellanis
1706 754 1708 757 ⁵

289 833 350 878 ita
381 833 526 895 loqui:
559 851 598 877 v.
622 851 655 877 c.
678 832 764 877 VI.
795 850 836 895 p.
860 833 936 887 96:
968 832 1047 889 „ln
1086 831 1296 877 Atellanis
1327 831 1424 877 licet
1454 830 1646 876 animad-

285 911 447 954 vertere
478 907 660 952 rusticos
694 907 846 962 dicere,
890 923 935 951 se
968 906 1193 951 adduxisse
1233 922 1313 968 pro
1352 916 1491 950 scorto
1523 903 1646 967 pelli-

286 981 462 1037 culam,'’
494 991 535 1025 et
565 998 607 1043 p.
631 989 702 1034 99.
745 998 799 1036 „a
830 997 913 1044 quo
944 979 1090 1026 rustici
1127 996 1317 1043 pappum
1358 997 1521 1025 mesum
1553 996 1647 1025 non

283 1057 497 1102 maesum’'
529 1055 603 1108 (ita
635 1054 829 1116 Scalig.),
863 1072 992 1117 quum
1033 1065 1129 1100 ante
1172 1055 1218 1099 in
1244 1052 1456 1099 Atellanis
1500 1071 1647 1099 senem

211 1129 219 1137 ²
282 1147 473 1195 pappum
516 1129 599 1174 dici
638 1140 931 1175 memorasset.
995 1129 1137 1187 Simus
1179 1146 1345 1193 quoque
1384 1128 1476 1187 ille,
1522 1146 1646 1193 quem

283 1207 401 1269 apud
433 1205 684 1251 Suetonium
715 1204 908 1250 Atellani
939 1222 964 1250 a
996 1205 1096 1250 villa
1126 1206 1268 1251 venire
1301 1205 1543 1261 cantabant,
1574 1222 1645 1251 ru-

287 1282 412 1327 sticus
445 1292 510 1327 est
540 1280 649 1324 simo
681 1279 797 1324 vultu
831 1279 971 1341 (Virg.
1002 1280 1192 1325 Moreto.
1219 1288 1347 1336 107.),
1387 1280 1457 1343 qui
1488 1291 1529 1325 et
1558 1279 1646 1336 „si-

286 1355 427 1401 mulus
461 1356 595 1407 cultor
626 1355 739 1416 agri''
780 1354 1022 1400 nominatur
1064 1354 1207 1417 (Virg.
1239 1355 1341 1400 ibid.
1363 1365 1418 1411 3.,
1451 1354 1525 1400 cfr.
1558 1353 1646 1399 Lu-

285 1441 385 1476 cret.
409 1429 496 1474 IV.
525 1429 690 1482 1062).
755 1429 1035 1474 Manifestum
1052 1441 1117 1474 est
1132 1429 1257 1491 igitur
1271 1446 1439 1475 scenam
1457 1429 1501 1474 in
1524 1428 1644 1473 Atel-

283 1505 394 1551 lanis
424 1503 784 1566 quemadmodum
806 1503 850 1548 in
866 1505 1032 1566 Satyris
1057 1505 1288 1562 max'imam
1311 1514 1473 1567 partem
1497 1520 1646 1565 agrum

284 1578 581 1644 proposuisse.
603 1604 662 1611 —-
722 1579 792 1622 An
814 1577 943 1624 choro
977 1579 1225 1642 Satyrorum
1258 1578 1439 1624 similem
1466 1577 1646 1625 'chorum

284 1654 568 1716 agricolarum
613 1652 838 1699 Atellanae
881 1652 1129 1710 habuerint,
1179 1673 1230 1700 ex
1277 1654 1401 1700 unico
1451 1653 1645 1700 Suetonii

283 1729 377 1776 loco
412 1726 536 1783 (Ner.
561 1736 648 1782 39.)
690 1728 796 1774 mihi
827 1746 914 1774 non
947 1730 1050 1775 satis
1083 1729 1244 1792 liquere
1275 1729 1452 1785 videtur,
1495 1744 1643 1791 quam-

281 1822 410 1869 quam
458 1803 710 1848 Hermanno
750 1804 816 1857 (de
866 1804 991 1850 Cant.
1038 1803 1169 1850 Rom.
1215 1804 1243 1849 l.
1275 1804 1321 1857 l.)
1368 1805 1427 1849 ita
1472 1802 1644 1866 placuit.

286 1879 427 1941 Satyri
469 1878 649 1940 denique
692 1889 793 1940 post
845 1879 1110 1939 tragoediam
1150 1879 1398 1940 prodibant,
1448 1878 1642 1940 idemque

284 1952 509 1999 Atellanos
540 1969 629 1996 non
658 1969 760 1997 raro
800 1951 954 1997 fecisse
999 1968 1127 2016 supra
1167 1953 1368 2009 concessi,
1408 1963 1450 1998 et
1485 1953 1642 2016 proba-

283 2039 375 2073 tum
420 2026 602 2070 vidimus
649 2026 872 2071 Ciceronis
918 2027 1059 2072 verbis
1115 2027 1170 2074 ad
1214 2027 1337 2073 Fam.
1370 2027 1446 2072 IX.
1484 2028 1551 2072 16.
1583 2056 1641 2064 —

283 2102 408 2148 Haec
456 2111 598 2146 autem
644 2100 785 2145 omnia
832 2117 937 2163 quae
985 2102 1105 2147 attuli
1150 2103 1204 2148 ad
1245 2114 1460 2149 externam
1502 2103 1643 2166 potius

285 2176 569 2223 conditionem
628 2175 845 2237 utriusque
904 2175 1142 2221 fabularum
1202 2178 1357 2241 speciei
1415 2179 1641 2242 pertinent,

285 2268 413 2315 quam
446 2250 500 2297 ad
531 2260 708 2296 naturae
747 2250 1058 2313 aequalitatem,
1099 2270 1205 2316 quae
1246 2266 1370 2311 certe,
1412 2253 1494 2299 hoc
1529 2254 1642 2299 enim

283 2325 568 2371 demonstrari
613 2341 742 2386 posse
790 2326 969 2381 confido,
1016 2326 1133 2372 nulla
1179 2339 1284 2373 erat.
1362 2328 1494 2388 Quod
1541 2343 1641 2372 vero

282 2419 424 2447 meum
455 2418 544 2446 non
575 2417 667 2446 esse
698 2399 852 2457 iudico,
891 2399 971 2447 hoc
1007 2401 1102 2449 loco
1139 2421 1366 2467 recoquere
1403 2404 1641 2449 intricatam

282 2477 335 2521 de
365 2487 518 2521 natura
549 2486 590 2519 et
620 2475 703 2520 fine
736 2476 976 2521 dramatum
1015 2478 1303 2541 Satyricorum
1335 2478 1641 2542 quaestionem,

281 2567 408 2613 quam
438 2550 537 2597 inde
569 2567 596 2597 a
629 2550 890 2598 Casaubono
929 2569 1062 2615 usque
1105 2554 1162 2599 ad
1202 2553 1452 2610 Genthium,
1494 2554 1639 2601 novis-
