<?xml version="1.0" encoding="UTF-8"?>
<!DOCTYPE html PUBLIC "-//W3C//DTD XHTML 1.0 Transitional//EN"
    "http://www.w3.org/TR/xhtml1/DTD/xhtml1-transitional.dtd">
<html xmlns="http://www.w3.org/1999/xhtml" xml:lang="en" lang="en">
 <head>
  <title>
</title>
<meta http-equiv="Content-Type" content="text/html;charset=utf-8" />
  <meta name='ocr-system' content='tesseract 3.04.00' />
  <meta name='ocr-capabilities' content='ocr_page ocr_carea ocr_par ocr_line ocrx_word'/>
</head>
<body>
  <div class='ocr_page' id='page_1' title='image "4737173_0036.png"; bbox 0 0 1730 3015; ppageno 0'>
   <div class='ocr_carea' id='block_1_1' title="bbox 873 154 959 214">
    <p class='ocr_par' dir='ltr' id='par_1_1' title="bbox 873 154 959 214">
     <span class='ocr_line' id='line_1_1' title="bbox 873 154 959 214; baseline 0.012 -1"><span class='ocrx_word' id='word_1_1' title='bbox 873 154 959 214; x_wconf 86' lang='lat'><strong>22</strong></span> 
     </span>
    </p>
   </div>
   <div class='ocr_carea' id='block_1_2' title="bbox 234 303 1669 2680">
    <p class='ocr_par' dir='ltr' id='par_1_2' title="bbox 234 303 1669 2680">
     <span class='ocr_line' id='line_1_2' title="bbox 237 303 1599 366; baseline -0.004 -11"><span class='ocrx_word' id='word_1_2' title='bbox 237 304 478 358; x_wconf 60' lang='lat' dir='ltr'><strong>Diomedes</strong></span> <span class='ocrx_word' id='word_1_3' title='bbox 528 307 574 351; x_wconf 87' lang='lat' dir='ltr'><strong>in</strong></span> <span class='ocrx_word' id='word_1_4' title='bbox 609 305 730 351; x_wconf 32' lang='lat' dir='ltr'><strong>*libro</strong></span> <span class='ocrx_word' id='word_1_5' title='bbox 750 304 831 351; x_wconf 88' lang='lat' dir='ltr'><strong>III.</strong></span> <span class='ocrx_word' id='word_1_6' title='bbox 873 323 918 366; x_wconf 89' lang='lat' dir='ltr'><strong>p.</strong></span> <span class='ocrx_word' id='word_1_7' title='bbox 940 306 1054 355; x_wconf 23' lang='lat'><strong>486..</strong></span> <span class='ocrx_word' id='word_1_8' title='bbox 1083 306 1149 352; x_wconf 87' lang='lat' dir='ltr'><strong>ed.</strong></span> <span class='ocrx_word' id='word_1_9' title='bbox 1190 303 1367 348; x_wconf 87' lang='lat' dir='ltr'><strong>Putsch.</strong></span> <span class='ocrx_word' id='word_1_10' title='bbox 1427 305 1599 358; x_wconf 70' lang='lat' dir='ltr'><strong>„Antea</strong></span> 
     </span>
     <span class='ocr_line' id='line_1_3' title="bbox 240 375 1601 442; baseline -0.001 -18"><span class='ocrx_word' id='word_1_11' title='bbox 240 377 397 442; x_wconf 87' lang='lat' dir='ltr'><strong>itaque,</strong></span> <span class='ocrx_word' id='word_1_12' title='bbox 430 380 503 436; x_wconf 86' lang='lat' dir='ltr'><strong>ait,</strong></span> <span class='ocrx_word' id='word_1_13' title='bbox 530 376 690 440; x_wconf 17' lang='lat' dir='ltr'><strong>*galeris</strong></span> <span class='ocrx_word' id='word_1_14' title='bbox 708 375 811 426; x_wconf 73' lang='lat' dir='ltr'><strong>‹noh</strong></span> <span class='ocrx_word' id='word_1_15' title='bbox 838 378 1037 442; x_wconf 82' lang='lat' dir='ltr'><strong>personis</strong></span> <span class='ocrx_word' id='word_1_16' title='bbox 1068 379 1307 435; x_wconf 76' lang='lat' dir='ltr'><strong>utebantur,</strong></span> <span class='ocrx_word' id='word_1_17' title='bbox 1333 388 1384 442; x_wconf 17' lang='lat' dir='ltr'><strong>*ut</strong></span> <span class='ocrx_word' id='word_1_18' title='bbox 1403 377 1601 440; x_wconf 76' lang='lat' dir='ltr'>qualitas</span> 
     </span>
     <span class='ocr_line' id='line_1_4' title="bbox 245 452 1604 518; baseline 0.001 -20"><span class='ocrx_word' id='word_1_19' title='bbox 245 454 403 513; x_wconf 90' lang='lat' dir='ltr'><strong>coloris</strong></span> <span class='ocrx_word' id='word_1_20' title='bbox 435 453 637 501; x_wconf 87' lang='lat' dir='ltr'><strong>indicium</strong></span> <span class='ocrx_word' id='word_1_21' title='bbox 651 452 830 502; x_wconf 66' lang='lat' dir='ltr'><strong>²faceret</strong></span> <span class='ocrx_word' id='word_1_22' title='bbox 858 454 1029 511; x_wconf 73' lang='lat' dir='ltr'><strong>aetatis,</strong></span> <span class='ocrx_word' id='word_1_23' title='bbox 1058 472 1192 518; x_wconf 67' lang='lat' dir='ltr'><strong>quium</strong></span> <span class='ocrx_word' id='word_1_24' title='bbox 1223 463 1387 501; x_wconf 53' lang='lat' dir='ltr'><strong>essent&gt;</strong></span> <span class='ocrx_word' id='word_1_25' title='bbox 1410 463 1482 497; x_wconf 89' lang='lat' dir='ltr'><strong>aut</strong></span> <span class='ocrx_word' id='word_1_26' title='bbox 1513 453 1604 500; x_wconf 53' lang='lat' dir='ltr'><strong>albi&gt;</strong></span> 
     </span>
     <span class='ocr_line' id='line_1_5' title="bbox 241 527 1600 592; baseline 0.003 -20"><span class='ocrx_word' id='word_1_27' title='bbox 241 538 314 576; x_wconf 86' lang='lat' dir='ltr'><strong>aut</strong></span> <span class='ocrx_word' id='word_1_28' title='bbox 343 527 454 590; x_wconf 85' lang='lat' dir='ltr'>nigri</span> <span class='ocrx_word' id='word_1_29' title='bbox 491 539 565 576; x_wconf 82' lang='lat' dir='ltr'><strong>aut</strong></span> <span class='ocrx_word' id='word_1_30' title='bbox 584 527 726 579; x_wconf 28' lang='lat' dir='ltr'><strong>trust?</strong></span> <span class='ocrx_word' id='word_1_31' title='bbox 764 527 985 576; x_wconf 72' lang='lat' dir='ltr'><strong>Personis,</strong></span> <span class='ocrx_word' id='word_1_32' title='bbox 1014 547 1115 576; x_wconf 82' lang='lat' dir='ltr'><strong>vero</strong></span> <span class='ocrx_word' id='word_1_33' title='bbox 1155 529 1213 575; x_wconf 86' lang='lat' dir='ltr'><strong>nti</strong></span> <span class='ocrx_word' id='word_1_34' title='bbox 1247 529 1435 592; x_wconf 78' lang='lat' dir='ltr'><strong>:primus</strong></span> <span class='ocrx_word' id='word_1_35' title='bbox 1459 528 1600 592; x_wconf 86' lang='lat' dir='ltr'><strong>coepit</strong></span> 
     </span>
     <span class='ocr_line' id='line_1_6' title="bbox 241 600 1599 668; baseline 0 -19"><span class='ocrx_word' id='word_1_36' title='bbox 241 600 427 652; x_wconf 77' lang='lat' dir='ltr'>Roscius</span> <span class='ocrx_word' id='word_1_37' title='bbox 459 602 925 668; x_wconf 71' lang='lat' dir='ltr'><strong>Gallus,·2pnaecipuus</strong></span> <span class='ocrx_word' id='word_1_38' title='bbox 967 605 1141 660; x_wconf 87' lang='lat' dir='ltr'><strong>histrio,</strong></span> <span class='ocrx_word' id='word_1_39' title='bbox 1179 604 1314 667; x_wconf 80' lang='lat' dir='ltr'><strong>quod·</strong></span> <span class='ocrx_word' id='word_1_40' title='bbox 1343 602 1477 650; x_wconf 85' lang='lat' dir='ltr'><strong>oculis</strong></span> <span class='ocrx_word' id='word_1_41' title='bbox 1514 603 1599 649; x_wconf 41' lang='lat' dir='ltr'><strong>sob÷</strong></span> 
     </span>
     <span class='ocr_line' id='line_1_7' title="bbox 240 677 1600 741; baseline -0.004 -14"><span class='ocrx_word' id='word_1_42' title='bbox 240 677 373 727; x_wconf 64' lang='lat' dir='ltr'><strong>versis</strong></span> <span class='ocrx_word' id='word_1_43' title='bbox 395 690 509 735; x_wconf 74' lang='lat' dir='ltr'><strong>erat,</strong></span> <span class='ocrx_word' id='word_1_44' title='bbox 527 697 616 727; x_wconf 62' lang='lat' dir='ltr'><strong>.nec</strong></span> <span class='ocrx_word' id='word_1_45' title='bbox 646 680 753 725; x_wconf 70' lang='lat' dir='ltr'><strong>satis</strong></span> <span class='ocrx_word' id='word_1_46' title='bbox 781 679 962 731; x_wconf 86' lang='lat' dir='ltr'><strong>decorus</strong></span> <span class='ocrx_word' id='word_1_47' title='bbox 997 678 1043 724; x_wconf 90' lang='lat' dir='ltr'><strong>in</strong></span> <span class='ocrx_word' id='word_1_48' title='bbox 1075 679 1285 741; x_wconf 84' lang='lat' dir='ltr'><strong>personis,</strong></span> <span class='ocrx_word' id='word_1_49' title='bbox 1317 678 1398 723; x_wconf 89' lang='lat' dir='ltr'><strong>nisi</strong></span> <span class='ocrx_word' id='word_1_50' title='bbox 1427 677 1600 739; x_wconf 81' lang='lat' dir='ltr'><strong>parasi-</strong></span> 
     </span>
     <span class='ocr_line' id='line_1_8' title="bbox 243 751 1602 815; baseline -0.001 -19"><span class='ocrx_word' id='word_1_51' title='bbox 243 761 312 796; x_wconf 85' lang='lat' dir='ltr'><strong>tus</strong></span> <span class='ocrx_word' id='word_1_52' title='bbox 355 754 697 815; x_wconf 85' lang='lat' dir='ltr'><strong>pronuntiabat.&#39;’</strong></span> <span class='ocrx_word' id='word_1_53' title='bbox 777 752 868 798; x_wconf 84' lang='lat' dir='ltr'><strong>Cfr.</strong></span> <span class='ocrx_word' id='word_1_54' title='bbox 910 752 1006 799; x_wconf 69' lang='lat' dir='ltr'><strong>Cic:</strong></span> <span class='ocrx_word' id='word_1_55' title='bbox 1038 753 1106 801; x_wconf 73' lang='lat' dir='ltr'><strong>,de</strong></span> <span class='ocrx_word' id='word_1_56' title='bbox 1139 751 1245 800; x_wconf 83' lang='lat' dir='ltr'><strong>Nat.</strong></span> <span class='ocrx_word' id='word_1_57' title='bbox 1287 752 1421 798; x_wconf 89' lang='lat' dir='ltr'><strong>Deor.</strong></span> <span class='ocrx_word' id='word_1_58' title='bbox 1452 752 1489 796; x_wconf 92' lang='lat' dir='ltr'><strong>I.</strong></span> <span class='ocrx_word' id='word_1_59' title='bbox 1510 756 1602 809; x_wconf 47' lang='lat' dir='ltr'><strong>2ss.</strong></span> 
     </span>
     <span class='ocr_line' id='line_1_9' title="bbox 240 823 1602 883; baseline -0.002 -11"><span class='ocrx_word' id='word_1_60' title='bbox 240 825 449 877; x_wconf 63' lang='lat' dir='ltr'><strong>Disesstim</strong></span> <span class='ocrx_word' id='word_1_61' title='bbox 482 857 484 859; x_wconf 59' lang='lat'>&gt;</span> <span class='ocrx_word' id='word_1_62' title='bbox 517 828 604 879; x_wconf 63' lang='lat' dir='ltr'><strong>hic,</strong></span> <span class='ocrx_word' id='word_1_63' title='bbox 627 828 756 876; x_wconf 80' lang='lat' dir='ltr'><strong>locus</strong></span> <span class='ocrx_word' id='word_1_64' title='bbox 814 827 1010 883; x_wconf 34' lang='lat' dir='ltr'><strong>ostendit,</strong></span> <span class='ocrx_word' id='word_1_65' title='bbox 1069 828 1124 873; x_wconf 88' lang='lat' dir='ltr'><strong>ab</strong></span> <span class='ocrx_word' id='word_1_66' title='bbox 1193 826 1469 876; x_wconf 78' lang='lat' dir='ltr'>histrionibus</span> <span class='ocrx_word' id='word_1_67' title='bbox 1512 823 1602 869; x_wconf 88' lang='lat' dir='ltr'><strong>Ro-</strong></span> 
     </span>
     <span class='ocr_line' id='line_1_10' title="bbox 243 902 1605 964; baseline -0.001 -18"><span class='ocrx_word' id='word_1_68' title='bbox 243 902 382 947; x_wconf 90' lang='lat' dir='ltr'><strong>manis</strong></span> <span class='ocrx_word' id='word_1_69' title='bbox 446 903 665 949; x_wconf 82' lang='lat' dir='ltr'><strong>Ciceronis</strong></span> <span class='ocrx_word' id='word_1_70' title='bbox 735 913 873 947; x_wconf 88' lang='lat' dir='ltr'><strong>aetate</strong></span> <span class='ocrx_word' id='word_1_71' title='bbox 943 912 1136 963; x_wconf 88' lang='lat' dir='ltr'><strong>acceptas</strong></span> <span class='ocrx_word' id='word_1_72' title='bbox 1207 918 1302 945; x_wconf 89' lang='lat' dir='ltr'><strong>esse</strong></span> <span class='ocrx_word' id='word_1_73' title='bbox 1372 916 1605 964; x_wconf 82' lang='lat' dir='ltr'><strong>personas3</strong></span> 
     </span>
     <span class='ocr_line' id='line_1_11' title="bbox 247 973 1632 1037; baseline -0.001 -16"><span class='ocrx_word' id='word_1_74' title='bbox 247 977 380 1037; x_wconf 80' lang='lat' dir='ltr'><strong>quod·</strong></span> <span class='ocrx_word' id='word_1_75' title='bbox 404 993 508 1021; x_wconf 87' lang='lat' dir='ltr'><strong>sane</strong></span> <span class='ocrx_word' id='word_1_76' title='bbox 549 976 722 1032; x_wconf 79' lang='lat' dir='ltr'><strong>mirum,</strong></span> <span class='ocrx_word' id='word_1_77' title='bbox 744 992 904 1037; x_wconf 77' lang='lat' dir='ltr'><strong>-quum</strong></span> <span class='ocrx_word' id='word_1_78' title='bbox 928 974 1061 1036; x_wconf 51' lang='lat' dir='ltr'><strong>¹primi</strong></span> <span class='ocrx_word' id='word_1_79' title='bbox 1083 973 1394 1020; x_wconf 19' lang='lat' dir='ltr'><strong>‘Romanarum</strong></span> <span class='ocrx_word' id='word_1_80' title='bbox 1436 974 1602 1020; x_wconf 77' lang='lat' dir='ltr'><strong>fabula-</strong></span> <span class='ocrx_word' id='word_1_81' title='bbox 1629 1028 1632 1031; x_wconf 21' lang='grc' dir='ltr'>ι</span> 
     </span>
     <span class='ocr_line' id='line_1_12' title="bbox 244 1048 1604 1110; baseline 0.001 -17"><span class='ocrx_word' id='word_1_82' title='bbox 244 1066 338 1093; x_wconf 91' lang='lat' dir='ltr'><strong>rum</strong></span> <span class='ocrx_word' id='word_1_83' title='bbox 388 1049 616 1110; x_wconf 85' lang='lat' dir='ltr'><strong>scriptores</strong></span> <span class='ocrx_word' id='word_1_84' title='bbox 667 1060 709 1096; x_wconf 84' lang='lat' dir='ltr'><strong>et</strong></span> <span class='ocrx_word' id='word_1_85' title='bbox 755 1051 930 1095; x_wconf 86' lang='lat' dir='ltr'><strong>actores</strong></span> <span class='ocrx_word' id='word_1_86' title='bbox 971 1048 1127 1095; x_wconf 89' lang='lat' dir='ltr'><strong>Graeci</strong></span> <span class='ocrx_word' id='word_1_87' title='bbox 1171 1048 1400 1095; x_wconf 84' lang='lat' dir='ltr'><strong>histriones</strong></span> <span class='ocrx_word' id='word_1_88' title='bbox 1447 1059 1604 1105; x_wconf 88' lang='lat' dir='ltr'><strong>essent,</strong></span> 
     </span>
     <span class='ocr_line' id='line_1_13' title="bbox 234 1123 1603 1186; baseline 0 -18"><span class='ocrx_word' id='word_1_89' title='bbox 234 1123 318 1186; x_wconf 71' lang='lat' dir='ltr'><strong>&#39;qui</strong></span> <span class='ocrx_word' id='word_1_90' title='bbox 358 1123 576 1172; x_wconf 83' lang='lat' dir='ltr'><strong>larvarum</strong></span> <span class='ocrx_word' id='word_1_91' title='bbox 617 1123 843 1171; x_wconf 76' lang='lat' dir='ltr'><strong>utilitatem</strong></span> <span class='ocrx_word' id='word_1_92' title='bbox 878 1134 1056 1170; x_wconf 87' lang='lat' dir='ltr'><strong>nossent</strong></span> <span class='ocrx_word' id='word_1_93' title='bbox 1094 1134 1136 1169; x_wconf 90' lang='lat' dir='ltr'><strong>et</strong></span> <span class='ocrx_word' id='word_1_94' title='bbox 1179 1140 1350 1168; x_wconf 87' lang='lat' dir='ltr'><strong>omnem</strong></span> <span class='ocrx_word' id='word_1_95' title='bbox 1392 1124 1603 1171; x_wconf 89' lang='lat' dir='ltr'><strong>scenicum</strong></span> 
     </span>
     <span class='ocr_line' id='line_1_14' title="bbox 243 1196 1603 1262; baseline 0.001 -20"><span class='ocrx_word' id='word_1_96' title='bbox 243 1209 499 1260; x_wconf 82' lang='lat' dir='ltr'><strong>apparatum</strong></span> <span class='ocrx_word' id='word_1_97' title='bbox 543 1215 629 1245; x_wconf 91' lang='lat' dir='ltr'><strong>una</strong></span> <span class='ocrx_word' id='word_1_98' title='bbox 661 1216 759 1244; x_wconf 85' lang='lat' dir='ltr'><strong>cum</strong></span> <span class='ocrx_word' id='word_1_99' title='bbox 799 1197 955 1244; x_wconf 82' lang='lat' dir='ltr'><strong>fabulis</strong></span> <span class='ocrx_word' id='word_1_100' title='bbox 1001 1196 1190 1243; x_wconf 85' lang='lat' dir='ltr'><strong>Romam</strong></span> <span class='ocrx_word' id='word_1_101' title='bbox 1220 1196 1461 1243; x_wconf 69' lang='lat' dir='ltr'><strong>,transferre</strong></span> <span class='ocrx_word' id='word_1_102' title='bbox 1503 1214 1603 1262; x_wconf 89' lang='lat' dir='ltr'><strong>pos-</strong></span> 
     </span>
     <span class='ocr_line' id='line_1_15' title="bbox 249 1271 1604 1337; baseline 0 -20"><span class='ocrx_word' id='word_1_103' title='bbox 249 1283 358 1318; x_wconf 84' lang='lat' dir='ltr'><strong>sent.</strong></span> <span class='ocrx_word' id='word_1_104' title='bbox 418 1271 534 1319; x_wconf 89' lang='lat' dir='ltr'><strong>Rem</strong></span> <span class='ocrx_word' id='word_1_105' title='bbox 555 1274 617 1320; x_wconf 90' lang='lat' dir='ltr'><strong>ita</strong></span> <span class='ocrx_word' id='word_1_106' title='bbox 646 1273 754 1319; x_wconf 85' lang='lat' dir='ltr'><strong>mihi</strong></span> <span class='ocrx_word' id='word_1_107' title='bbox 782 1273 1164 1337; x_wconf 72' lang='lat' dir='ltr'><strong>expedioz..Quum</strong></span> <span class='ocrx_word' id='word_1_108' title='bbox 1185 1273 1358 1319; x_wconf 86' lang='lat' dir='ltr'><strong>Etrusci</strong></span> <span class='ocrx_word' id='word_1_109' title='bbox 1377 1272 1604 1319; x_wconf 84' lang='lat' dir='ltr'><strong>histriones</strong></span> 
     </span>
     <span class='ocr_line' id='line_1_16' title="bbox 250 1346 1605 1410; baseline 0.001 -20"><span class='ocrx_word' id='word_1_110' title='bbox 250 1346 376 1391; x_wconf 90' lang='lat' dir='ltr'><strong>ludos</strong></span> <span class='ocrx_word' id='word_1_111' title='bbox 419 1347 609 1409; x_wconf 84' lang='lat' dir='ltr'><strong>scenicos</strong></span> <span class='ocrx_word' id='word_1_112' title='bbox 637 1348 793 1403; x_wconf 89' lang='lat' dir='ltr'><strong>-edere,</strong></span> <span class='ocrx_word' id='word_1_113' title='bbox 836 1357 879 1393; x_wconf 87' lang='lat' dir='ltr'><strong>et</strong></span> <span class='ocrx_word' id='word_1_114' title='bbox 908 1346 1358 1393; x_wconf 74' lang='lat' dir='ltr'><strong>LiviusAndronicus</strong></span> <span class='ocrx_word' id='word_1_115' title='bbox 1398 1347 1605 1410; x_wconf 88' lang='lat' dir='ltr'><strong>ceterique</strong></span> 
     </span>
     <span class='ocr_line' id='line_1_17' title="bbox 247 1421 1606 1485; baseline 0.001 -19"><span class='ocrx_word' id='word_1_116' title='bbox 247 1432 348 1483; x_wconf 89' lang='lat' dir='ltr'><strong>post</strong></span> <span class='ocrx_word' id='word_1_117' title='bbox 377 1439 473 1467; x_wconf 87' lang='lat' dir='ltr'><strong>eum</strong></span> <span class='ocrx_word' id='word_1_118' title='bbox 503 1421 669 1468; x_wconf 87' lang='lat' dir='ltr'><strong>fabulas</strong></span> <span class='ocrx_word' id='word_1_119' title='bbox 700 1423 853 1468; x_wconf 85' lang='lat' dir='ltr'><strong>docere</strong></span> <span class='ocrx_word' id='word_1_120' title='bbox 883 1421 1130 1484; x_wconf 88' lang='lat' dir='ltr'><strong>inciperent,</strong></span> <span class='ocrx_word' id='word_1_121' title='bbox 1164 1438 1460 1485; x_wconf 83' lang='lat' dir='ltr'><strong>personarum</strong></span> <span class='ocrx_word' id='word_1_122' title='bbox 1482 1438 1606 1467; x_wconf 90' lang='lat' dir='ltr'><strong>usum</strong></span> 
     </span>
     <span class='ocr_line' id='line_1_18' title="bbox 249 1493 1605 1559; baseline 0.001 -20"><span class='ocrx_word' id='word_1_123' title='bbox 249 1493 429 1543; x_wconf 77' lang='lat' dir='ltr'><strong>Romae.</strong></span> <span class='ocrx_word' id='word_1_124' title='bbox 444 1496 712 1554; x_wconf 80' lang='lat' dir='ltr'><strong>invenerunt,</strong></span> <span class='ocrx_word' id='word_1_125' title='bbox 756 1496 832 1543; x_wconf 87' lang='lat' dir='ltr'><strong>sed</strong></span> <span class='ocrx_word' id='word_1_126' title='bbox 860 1495 1061 1558; x_wconf 88' lang='lat' dir='ltr'><strong>prohibiti</strong></span> <span class='ocrx_word' id='word_1_127' title='bbox 1093 1507 1209 1553; x_wconf 88' lang='lat' dir='ltr'><strong>sunt,</strong></span> <span class='ocrx_word' id='word_1_128' title='bbox 1225 1537 1227 1539; x_wconf 75' lang='grc'>,</span> <span class='ocrx_word' id='word_1_129' title='bbox 1242 1496 1465 1559; x_wconf 89' lang='lat' dir='ltr'><strong>quominus</strong></span> <span class='ocrx_word' id='word_1_130' title='bbox 1507 1495 1605 1542; x_wconf 86' lang='lat' dir='ltr'><strong>illas</strong></span> 
     </span>
     <span class='ocr_line' id='line_1_19' title="bbox 248 1569 1605 1635; baseline -0.001 -17"><span class='ocrx_word' id='word_1_131' title='bbox 248 1569 333 1619; x_wconf 75' lang='lat' dir='ltr'><strong>sibi</strong></span> <span class='ocrx_word' id='word_1_132' title='bbox 362 1582 641 1628; x_wconf 85' lang='lat' dir='ltr'><strong>assumerent,</strong></span> <span class='ocrx_word' id='word_1_133' title='bbox 685 1571 801 1634; x_wconf 88' lang='lat' dir='ltr'><strong>quod</strong></span> <span class='ocrx_word' id='word_1_134' title='bbox 832 1569 1022 1617; x_wconf 88' lang='lat' dir='ltr'><strong>Romani</strong></span> <span class='ocrx_word' id='word_1_135' title='bbox 1051 1571 1162 1617; x_wconf 87' lang='lat' dir='ltr'><strong>cives</strong></span> <span class='ocrx_word' id='word_1_136' title='bbox 1193 1571 1278 1635; x_wconf 87' lang='lat' dir='ltr'><strong>ipsi</strong></span> <span class='ocrx_word' id='word_1_137' title='bbox 1307 1571 1354 1617; x_wconf 90' lang='lat' dir='ltr'><strong>in</strong></span> <span class='ocrx_word' id='word_1_138' title='bbox 1384 1570 1471 1617; x_wconf 90' lang='lat' dir='ltr'><strong>suis</strong></span> <span class='ocrx_word' id='word_1_139' title='bbox 1501 1569 1605 1619; x_wconf 89' lang='lat' dir='ltr'><strong>lusi-</strong></span> 
     </span>
     <span class='ocr_line' id='line_1_20' title="bbox 250 1645 1607 1708; baseline 0.001 -19"><span class='ocrx_word' id='word_1_140' title='bbox 250 1645 343 1702; x_wconf 78' lang='lat' dir='ltr'><strong>buS,</strong></span> <span class='ocrx_word' id='word_1_141' title='bbox 387 1646 431 1691; x_wconf 88' lang='lat' dir='ltr'><strong>in</strong></span> <span class='ocrx_word' id='word_1_142' title='bbox 460 1646 498 1691; x_wconf 89' lang='lat' dir='ltr'>F</span> <span class='ocrx_word' id='word_1_143' title='bbox 502 1646 737 1692; x_wconf 88' lang='lat' dir='ltr'><strong>escenninis</strong></span> <span class='ocrx_word' id='word_1_144' title='bbox 782 1657 823 1691; x_wconf 89' lang='lat' dir='ltr'><strong>et</strong></span> <span class='ocrx_word' id='word_1_145' title='bbox 863 1656 1015 1708; x_wconf 86' lang='lat' dir='ltr'><strong>postea</strong></span> <span class='ocrx_word' id='word_1_146' title='bbox 1044 1646 1090 1691; x_wconf 89' lang='lat' dir='ltr'><strong>in</strong></span> <span class='ocrx_word' id='word_1_147' title='bbox 1119 1645 1331 1692; x_wconf 85' lang='lat' dir='ltr'><strong>Atellanis</strong></span> <span class='ocrx_word' id='word_1_148' title='bbox 1372 1663 1444 1692; x_wconf 85' lang='lat' dir='ltr'><strong>eas</strong></span> <span class='ocrx_word' id='word_1_149' title='bbox 1486 1662 1607 1692; x_wconf 86' lang='lat' dir='ltr'><strong>usur-</strong></span> 
     </span>
     <span class='ocr_line' id='line_1_21' title="bbox 250 1718 1606 1783; baseline 0 -18"><span class='ocrx_word' id='word_1_150' title='bbox 250 1731 470 1781; x_wconf 84' lang='lat' dir='ltr'><strong>paverant,</strong></span> <span class='ocrx_word' id='word_1_151' title='bbox 515 1732 558 1766; x_wconf 89' lang='lat' dir='ltr'><strong>et</strong></span> <span class='ocrx_word' id='word_1_152' title='bbox 594 1721 647 1766; x_wconf 90' lang='lat' dir='ltr'><strong>de</strong></span> <span class='ocrx_word' id='word_1_153' title='bbox 688 1719 769 1766; x_wconf 89' lang='lat' dir='ltr'><strong>hoc</strong></span> <span class='ocrx_word' id='word_1_154' title='bbox 806 1721 895 1766; x_wconf 88' lang='lat' dir='ltr'><strong>iure</strong></span> <span class='ocrx_word' id='word_1_155' title='bbox 937 1736 1014 1765; x_wconf 93' lang='lat' dir='ltr'><strong>suo</strong></span> <span class='ocrx_word' id='word_1_156' title='bbox 1056 1718 1312 1783; x_wconf 80' lang='lat' dir='ltr'><strong>peregrinis</strong></span> <span class='ocrx_word' id='word_1_157' title='bbox 1329 1719 1606 1765; x_wconf 87' lang='lat' dir='ltr'><strong>histrionibus</strong></span> 
     </span>
     <span class='ocr_line' id='line_1_22' title="bbox 253 1793 1606 1856; baseline 0.001 -17"><span class='ocrx_word' id='word_1_158' title='bbox 253 1793 399 1840; x_wconf 90' lang='lat' dir='ltr'><strong>cedere</strong></span> <span class='ocrx_word' id='word_1_159' title='bbox 429 1794 647 1842; x_wconf 88' lang='lat' dir='ltr'><strong>nolebant.</strong></span> <span class='ocrx_word' id='word_1_160' title='bbox 685 1793 872 1840; x_wconf 79' lang='lat' dir='ltr'><strong>&#39;Roscio</strong></span> <span class='ocrx_word' id='word_1_161' title='bbox 915 1811 1017 1839; x_wconf 89' lang='lat' dir='ltr'><strong>vero</strong></span> <span class='ocrx_word' id='word_1_162' title='bbox 1061 1794 1228 1851; x_wconf 88' lang='lat' dir='ltr'><strong>deinde,</strong></span> <span class='ocrx_word' id='word_1_163' title='bbox 1271 1811 1409 1856; x_wconf 73' lang='lat' dir='ltr'><strong>quem,</strong></span> <span class='ocrx_word' id='word_1_164' title='bbox 1438 1794 1606 1841; x_wconf 82' lang='lat' dir='ltr'><strong>univer-</strong></span> 
     </span>
     <span class='ocr_line' id='line_1_23' title="bbox 254 1868 1605 1931; baseline 0.002 -19"><span class='ocrx_word' id='word_1_165' title='bbox 254 1884 325 1913; x_wconf 84' lang='lat' dir='ltr'><strong>sus</strong></span> <span class='ocrx_word' id='word_1_166' title='bbox 357 1868 539 1931; x_wconf 88' lang='lat' dir='ltr'><strong>populus</strong></span> <span class='ocrx_word' id='word_1_167' title='bbox 583 1869 768 1915; x_wconf 88' lang='lat' dir='ltr'><strong>maximo</strong></span> <span class='ocrx_word' id='word_1_168' title='bbox 808 1868 947 1914; x_wconf 86' lang='lat' dir='ltr'><strong>studio</strong></span> <span class='ocrx_word' id='word_1_169' title='bbox 986 1868 1226 1930; x_wconf 82' lang='lat' dir='ltr'><strong>spectabat,</strong></span> <span class='ocrx_word' id='word_1_170' title='bbox 1263 1869 1439 1914; x_wconf 80' lang='lat' dir='ltr'><strong>tandem</strong></span> <span class='ocrx_word' id='word_1_171' title='bbox 1474 1869 1605 1917; x_wconf 81' lang='lat' dir='ltr'><strong>conti-</strong></span> 
     </span>
     <span class='ocr_line' id='line_1_24' title="bbox 254 1940 1606 2006; baseline 0.003 -19"><span class='ocrx_word' id='word_1_172' title='bbox 254 1940 329 2001; x_wconf 84' lang='lat' dir='ltr'><strong>git,</strong></span> <span class='ocrx_word' id='word_1_173' title='bbox 367 1953 415 1989; x_wconf 88' lang='lat' dir='ltr'><strong>ut</strong></span> <span class='ocrx_word' id='word_1_174' title='bbox 444 1941 574 1991; x_wconf 87' lang='lat' dir='ltr'><strong>larvis</strong></span> <span class='ocrx_word' id='word_1_175' title='bbox 603 1943 666 1988; x_wconf 87' lang='lat' dir='ltr'><strong>uti</strong></span> <span class='ocrx_word' id='word_1_176' title='bbox 698 1942 957 1988; x_wconf 22' lang='lat' dir='ltr'><strong>Romanivei</strong></span> <span class='ocrx_word' id='word_1_177' title='bbox 986 1942 1297 2005; x_wconf 84' lang='lat' dir='ltr'><strong>permitterent,</strong></span> <span class='ocrx_word' id='word_1_178' title='bbox 1330 1943 1453 2006; x_wconf 75' lang='lat' dir='ltr'><strong>quod·</strong></span> <span class='ocrx_word' id='word_1_179' title='bbox 1475 1943 1606 1991; x_wconf 80' lang='lat' dir='ltr'><strong>semol</strong></span> 
     </span>
     <span class='ocr_line' id='line_1_25' title="bbox 254 2016 1669 2082; baseline 0.004 -20"><span class='ocrx_word' id='word_1_180' title='bbox 254 2031 505 2062; x_wconf 90' lang='lat' dir='ltr'><strong>concessum</strong></span> <span class='ocrx_word' id='word_1_181' title='bbox 547 2017 698 2064; x_wconf 88' lang='lat' dir='ltr'><strong>ceteris.</strong></span> <span class='ocrx_word' id='word_1_182' title='bbox 737 2016 1013 2063; x_wconf 83' lang='lat' dir='ltr'><strong>histrionibus</strong></span> <span class='ocrx_word' id='word_1_183' title='bbox 1055 2028 1206 2081; x_wconf 90' lang='lat' dir='ltr'><strong>postea</strong></span> <span class='ocrx_word' id='word_1_184' title='bbox 1259 2018 1426 2065; x_wconf 88' lang='lat' dir='ltr'><strong>demere</strong></span> <span class='ocrx_word' id='word_1_185' title='bbox 1467 2036 1604 2082; x_wconf 82' lang='lat' dir='ltr'><strong>neque</strong></span> <span class='ocrx_word' id='word_1_186' title='bbox 1666 2075 1669 2077; x_wconf 40' lang='grc'><strong>,</strong></span> 
     </span>
     <span class='ocr_line' id='line_1_26' title="bbox 253 2091 1603 2156; baseline 0.002 -20"><span class='ocrx_word' id='word_1_187' title='bbox 253 2091 456 2137; x_wconf 88' lang='lat' dir='ltr'><strong>volebant</strong></span> <span class='ocrx_word' id='word_1_188' title='bbox 501 2108 637 2154; x_wconf 90' lang='lat' dir='ltr'><strong>neque</strong></span> <span class='ocrx_word' id='word_1_189' title='bbox 677 2101 887 2155; x_wconf 87' lang='lat' dir='ltr'><strong>poterant.</strong></span> <span class='ocrx_word' id='word_1_190' title='bbox 948 2091 1072 2139; x_wconf 89' lang='lat' dir='ltr'><strong>Hauc</strong></span> <span class='ocrx_word' id='word_1_191' title='bbox 1108 2092 1375 2156; x_wconf 85' lang='lat' dir='ltr'><strong>opinionem·</strong></span> <span class='ocrx_word' id='word_1_192' title='bbox 1398 2110 1486 2142; x_wconf 89' lang='lat' dir='ltr'><strong>non</strong></span> <span class='ocrx_word' id='word_1_193' title='bbox 1507 2105 1603 2139; x_wconf 88' lang='lat' dir='ltr'><strong>me-</strong></span> 
     </span>
     <span class='ocr_line' id='line_1_27' title="bbox 253 2165 1605 2230; baseline 0.001 -20"><span class='ocrx_word' id='word_1_194' title='bbox 253 2182 347 2211; x_wconf 85' lang='lat' dir='ltr'><strong>ram</strong></span> <span class='ocrx_word' id='word_1_195' title='bbox 377 2165 661 2212; x_wconf 91' lang='lat' dir='ltr'><strong>coniecturam</strong></span> <span class='ocrx_word' id='word_1_196' title='bbox 699 2182 794 2212; x_wconf 92' lang='lat' dir='ltr'><strong>esse</strong></span> <span class='ocrx_word' id='word_1_197' title='bbox 835 2166 1037 2212; x_wconf 87' lang='lat' dir='ltr'><strong>evincitur</strong></span> <span class='ocrx_word' id='word_1_198' title='bbox 1074 2167 1258 2229; x_wconf 88' lang='lat' dir='ltr'><strong>primum</strong></span> <span class='ocrx_word' id='word_1_199' title='bbox 1298 2185 1365 2213; x_wconf 84' lang='lat' dir='ltr'><strong>ex.</strong></span> <span class='ocrx_word' id='word_1_200' title='bbox 1383 2184 1448 2224; x_wconf 86' lang='lat' dir='ltr'><strong>eo,</strong></span> <span class='ocrx_word' id='word_1_201' title='bbox 1491 2168 1605 2230; x_wconf 86' lang='lat' dir='ltr'><strong>quod</strong></span> 
     </span>
     <span class='ocr_line' id='line_1_28' title="bbox 253 2239 1616 2303; baseline 0.001 -18"><span class='ocrx_word' id='word_1_202' title='bbox 253 2240 413 2286; x_wconf 90' lang='lat' dir='ltr'><strong>scimns</strong></span> <span class='ocrx_word' id='word_1_203' title='bbox 444 2240 616 2295; x_wconf 87' lang='lat' dir='ltr'><strong>iuvenes</strong></span> <span class='ocrx_word' id='word_1_204' title='bbox 646 2239 885 2297; x_wconf 87' lang='lat' dir='ltr'><strong>Romanos,</strong></span> <span class='ocrx_word' id='word_1_205' title='bbox 918 2258 1046 2303; x_wconf 90' lang='lat' dir='ltr'><strong>quum</strong></span> <span class='ocrx_word' id='word_1_206' title='bbox 1076 2241 1272 2292; x_wconf 76' lang='lat' dir='ltr'><strong>Graecae</strong></span> <span class='ocrx_word' id='word_1_207' title='bbox 1314 2242 1482 2289; x_wconf 83' lang='lat' dir='ltr'><strong>fabulae</strong></span> <span class='ocrx_word' id='word_1_208' title='bbox 1524 2243 1616 2288; x_wconf 92' lang='lat' dir='ltr'><strong>do---</strong></span> 
     </span>
     <span class='ocr_line' id='line_1_29' title="bbox 253 2314 1602 2378; baseline 0.001 -19"><span class='ocrx_word' id='word_1_209' title='bbox 253 2326 469 2371; x_wconf 90' lang='lat' dir='ltr'><strong>cerentur,</strong></span> <span class='ocrx_word' id='word_1_210' title='bbox 503 2315 638 2378; x_wconf 80' lang='lat' dir='ltr'><strong>,plura</strong></span> <span class='ocrx_word' id='word_1_211' title='bbox 677 2314 759 2360; x_wconf 90' lang='lat' dir='ltr'><strong>sibi</strong></span> <span class='ocrx_word' id='word_1_212' title='bbox 798 2331 1039 2361; x_wconf 85' lang='lat' dir='ltr'><strong>reservasse</strong></span> <span class='ocrx_word' id='word_1_213' title='bbox 1077 2316 1141 2361; x_wconf 76' lang='lat' dir='ltr'><strong>int</strong></span> <span class='ocrx_word' id='word_1_214' title='bbox 1162 2316 1376 2362; x_wconf 82' lang='lat' dir='ltr'><strong>Atellanis</strong></span> <span class='ocrx_word' id='word_1_215' title='bbox 1413 2315 1602 2377; x_wconf 85' lang='lat' dir='ltr'><strong>agendis,</strong></span> 
     </span>
     <span class='ocr_line' id='line_1_30' title="bbox 255 2387 1601 2451; baseline 0 -17"><span class='ocrx_word' id='word_1_216' title='bbox 255 2389 404 2451; x_wconf 88' lang='lat' dir='ltr'><strong>quibus</strong></span> <span class='ocrx_word' id='word_1_217' title='bbox 452 2390 514 2435; x_wconf 91' lang='lat' dir='ltr'><strong>uti</strong></span> <span class='ocrx_word' id='word_1_218' title='bbox 563 2390 713 2435; x_wconf 87' lang='lat' dir='ltr'><strong>ceteris</strong></span> <span class='ocrx_word' id='word_1_219' title='bbox 764 2387 1037 2437; x_wconf 88' lang='lat' dir='ltr'><strong>histrionibus</strong></span> <span class='ocrx_word' id='word_1_220' title='bbox 1080 2407 1167 2438; x_wconf 89' lang='lat' dir='ltr'><strong>non</strong></span> <span class='ocrx_word' id='word_1_221' title='bbox 1206 2392 1372 2441; x_wconf 86' lang='lat' dir='ltr'><strong>licebat.</strong></span> <span class='ocrx_word' id='word_1_222' title='bbox 1432 2389 1601 2436; x_wconf 88' lang='lat' dir='ltr'><strong>Deinde</strong></span> 
     </span>
     <span class='ocr_line' id='line_1_31' title="bbox 252 2462 1598 2527; baseline -0.001 -19"><span class='ocrx_word' id='word_1_223' title='bbox 252 2463 497 2510; x_wconf 86' lang='lat' dir='ltr'><strong>testimonio</strong></span> <span class='ocrx_word' id='word_1_224' title='bbox 529 2473 628 2509; x_wconf 85' lang='lat' dir='ltr'><strong>sunt</strong></span> <span class='ocrx_word' id='word_1_225' title='bbox 657 2462 861 2520; x_wconf 82' lang='lat' dir='ltr'><strong>tibicineS,</strong></span> <span class='ocrx_word' id='word_1_226' title='bbox 893 2465 964 2527; x_wconf 90' lang='lat' dir='ltr'><strong>qui</strong></span> <span class='ocrx_word' id='word_1_227' title='bbox 995 2476 1092 2513; x_wconf 89' lang='lat' dir='ltr'><strong>ante</strong></span> <span class='ocrx_word' id='word_1_228' title='bbox 1122 2466 1415 2517; x_wconf 77' lang='lat' dir='ltr'><strong>Andronicum</strong></span> <span class='ocrx_word' id='word_1_229' title='bbox 1448 2479 1598 2527; x_wconf 88' lang='lat' dir='ltr'><strong>perso-</strong></span> 
     </span>
     <span class='ocr_line' id='line_1_32' title="bbox 253 2536 1598 2605; baseline 0.004 -23"><span class='ocrx_word' id='word_1_230' title='bbox 253 2537 343 2584; x_wconf 88' lang='lat' dir='ltr'><strong>nati</strong></span> <span class='ocrx_word' id='word_1_231' title='bbox 372 2537 512 2585; x_wconf 86' lang='lat' dir='ltr'><strong>lusum</strong></span> <span class='ocrx_word' id='word_1_232' title='bbox 540 2538 825 2585; x_wconf 86' lang='lat' dir='ltr'><strong>instituebant.</strong></span> <span class='ocrx_word' id='word_1_233' title='bbox 885 2538 1084 2605; x_wconf 89' lang='lat' dir='ltr'><strong>Denique</strong></span> <span class='ocrx_word' id='word_1_234' title='bbox 1114 2541 1232 2589; x_wconf 90' lang='lat' dir='ltr'><strong>locus</strong></span> <span class='ocrx_word' id='word_1_235' title='bbox 1268 2538 1389 2585; x_wconf 87' lang='lat' dir='ltr'><strong>Festi</strong></span> <span class='ocrx_word' id='word_1_236' title='bbox 1429 2556 1470 2583; x_wconf 78' lang='lat' dir='ltr'><strong>v·</strong></span> <span class='ocrx_word' id='word_1_237' title='bbox 1490 2536 1598 2587; x_wconf 81' lang='lat' dir='ltr'><strong>Per-</strong></span> 
     </span>
     <span class='ocr_line' id='line_1_33' title="bbox 256 2612 1600 2680; baseline 0.002 -23"><span class='ocrx_word' id='word_1_238' title='bbox 256 2624 440 2671; x_wconf 65' lang='lat' dir='ltr'><strong>sonata,</strong></span> <span class='ocrx_word' id='word_1_239' title='bbox 471 2630 659 2666; x_wconf 46' lang='lat' dir='ltr'><strong>omnem,</strong></span> <span class='ocrx_word' id='word_1_240' title='bbox 684 2612 800 2662; x_wconf 77' lang='lat' dir='ltr'><strong>litem</strong></span> <span class='ocrx_word' id='word_1_241' title='bbox 849 2613 1029 2674; x_wconf 86' lang='lat' dir='ltr'><strong>dirimit,</strong></span> <span class='ocrx_word' id='word_1_242' title='bbox 1081 2615 1439 2680; x_wconf 66' lang='lat' dir='ltr'><strong>sententiamque,</strong></span> <span class='ocrx_word' id='word_1_243' title='bbox 1461 2630 1600 2666; x_wconf 78' lang='lat' dir='ltr'><strong>meam</strong></span> 
     </span>
    </p>
   </div>
   <div class='ocr_carea' id='block_1_3' title="bbox 808 240 1021 248">
    <p class='ocr_par' dir='ltr' id='par_1_3' title="bbox 808 240 1021 248">
     <span class='ocr_line' id='line_1_34' title="bbox 808 240 1021 248; baseline 0 0"><span class='ocrx_word' id='word_1_244' title='bbox 808 240 1021 248; x_wconf 95' lang='lat' dir='ltr'><strong> </strong></span> 
     </span>
    </p>
   </div>
  </div>
 </body>
</html>
