1730 3015
888 125 970 194 44

256 285 377 333 Tum
398 284 704 332 3Fescenninos
744 301 898 330 versus
941 284 1215 347 reliquerunt
1252 284 1425 331 iuvenes
1467 300 1623 349 coepe—⁴

253 373 435 424 runtque
483 377 633 405 canere
674 361 878 416 saturas,
920 372 1028 422 quae
1068 360 1279 423 elegantia
1307 372 1358 406 ,et
1385 359 1618 406 festivitate

253 436 340 482 illis
387 434 687 498 praestabant,
730 446 793 491 et,
831 445 879 480 ut
923 434 1121 497 equidem
1166 446 1293 500 putu,
1348 434 1616 497 longioribus

254 526 421 573 quoque
453 508 715 555 carminibus
745 509 1009 573 compositae
1039 521 1179 556 erant..
1231 510 1379 556 Livius
1400 509 1518 555 enim*
1536 510 1618 556 Sa-

253 596 371 631 turas
403 584 600 629 nominat
628 584 828 647 impletas
859 585 1013 643 modis,
1037 586 1072 631 ·i.
1095 603 1131 631 e.
1162 595 1277 631 certo
1317 581 1515 648 rhythmo
1553 596 1618 630 at-

254 676 337 723 que
369 676 548 705 numero
580 659 842 724 descriptas,
880 672 928 706 ut
963 671 1218 723 congruente
1256 659 1456 705 tibiarum
1493 670 1620 705 cantu

251 734 523 799 pronuntiari
552 746 745 798 possent,
780 736 896 798 quod
927 747 969 782 et
1001 737 1158 782 diserte
1175 736 1370 782 additur:
1402 735 1503 780 dein
1523 734 1616 779 lau·

255 810 357 856 data
395 810 693 855 antecedentia
722 809 841 855 Livii
870 811 1015 867 verba,
1049 827 1155 872 quae
1175 811 1362 873 quidem
1399 819 1615 872 corrupte-

252 885 324 931 ·lae
376 884 635 946 suspicionev
667 900 755 928 non
808 894 977 939 carent,
1030 882 1113 929 hoc
1163 891 1308 930 tamen
1369 884 1618 930 auctoritate

257 958 447 1005 omnium
479 956 674 1003 codicum
704 956 903 1019 probant,
937 958 1053 1020 quod
1074 958 1172 1014 dixi,
1206 959 1384 1004 Saturas
1414 975 1504 1003 non
1533 970 1623 1003 tam

234 1032 564 1104 ‘incompositas
595 1042 637 1077 et
666 1031 792 1077 rudes
824 1031 957 1077 fuisse
987 1049 1117 1096 quam
1142 1032 1451 1091 Fescenninos,
1483 1028 1621 1096 neque

256 1108 431 1156 alternis
455 1107 647 1153 versibus
679 1107 859 1154 iactatas
892 1125 1002 1165 esse,
1033 1108 1150 1171 quod
1170 1125 1258 1154 non
1290 1109 1395 1154 satis
1429 1108 1622 1167 animad-

256 1201 428 1231 versum
459 1194 536 1229 est.
598 1182 698 1228 Hae
730 1183 857 1246 igitur
889 1185 1069 1230 Saturae
1102 1195 1248 1230 auctae
1281 1184 1383 1229 artis
1418 1183 1624 1229 dramati*

257 1277 332 1307 cae
364 1268 662 1321 argumentum
691 1258 912 1321 praebent,
942 1259 1189 1322 praesertim
1222 1274 1368 1322 quum,
1395 1270 1623 1321 antequam

260 1344 502 1397 agerentur,
532 1334 795 1396 compositae
827 1351 854 1380 a
884 1334 1022 1396 poetis
1054 1351 1150 1380 esse
1183 1334 1405 1388 deberent3
1438 1335 1494 1379 ad
1524 1333 1620 1378 tibi-

252 1409 366 1456 ‘cinis
400 1408 515 1453 enim
553 1418 735 1453 cantum.
764 1408 1003 1471 descriptae
1041 1419 1177 1453 erant.
1247 1408 1544 1454 Rambachius
1581 1408 1625 1458 in

258 1482 608 1531 annotationibus
641 1483 697 1528 ad
735 1483 983 1529 casauboni
1018 1482 1173 1529 librum
1211 1483 1262 1529 de
1294 1485 1436 1547 Satyr.
1469 1483 1623 1529 Graec.

190 1619 196 1624 .
259 1570 302 1605 et
341 1559 472 1604 Satir.
516 1556 649 1601 Rom.
680 1557 737 1601 ΙΙ.
776 1576 820 1621 p.
855 1563 951 1620 1817
989 1557 1069 1603 hos
1105 1558 1231 1603 ludos
1275 1559 1492 1623 componit
1529 1573 1648 1603 cum·

262 1634 456 1681 dramate
488 1632 681 1694 Satyrico
716 1632 994 1690 Graecorum,
1027 1650 1161 1696 eoque
1194 1633 1360 1680 differre
1400 1634 1477 1690 ait,
1510 1633 1624 1696 quod

262 1707 421 1771 Graeci
453 1708 629 1769 Satyros
662 1718 735 1753 aut
766 1707 869 1753 deos
892 1707 1008 1755 hisce
1030 1708 1466 1755 similes-induxerint.
1517 1705 1624 1753 Non

260 1794 402 1831 autem
423 1783 477 1829 ab
499 1781 579 1828 hac
610 1781 749 1831 solum
780 1784 858 1828 sed
889 1783 944 1831 ab
977 1783 1094 1830 omni
1114 1795 1238 1847 parte
1258 1783 1301 1829 hi
1321 1784 1411 1829 ludi
1429 1783 1625 1830 Romani

262 1874 289 1905 a
328 1859 520 1907 dramate
563 1858 759 1920 Satyrico
802 1857 1121 1919 discrepabant,
1159 1875 1238 1904 nec
1277 1857 1410 1902 ullam
1447 1874 1622 1920 prorsus

264 1932 583 1981 similitudinem
614 1931 662 1981 in
686 1932 879 1994 utrisque
902 1931 1093 1977 extitisse
1112 1931 1316 1981 arbitror:
1349 1934 1498 1981 drama
1517 1931 1624 1978 illud

262 2007 379 2053 enim
410 2017 524 2052 certo
555 2017 805 2066 argumento
844 2006 1161 2063 continebatur,
1194 2017 1236 2051 et
1270 2023 1353 2051 una
1392 2008 1622 2070 eademque

262 2082 363 2131 idea
393 2092 532 2127 totum
562 2096 717 2143 poema
747 2099 842 2128 cum
873 2080 1070 2127 omnibus
1101 2080 1225 2143 nugis
1257 2092 1299 2127 et
1327 2080 1485 2131 salibus
1521 2099 1623 2146 pro-

262 2158 429 2204 cacium
461 2157 639 2200 deorum
667 2156 1041 2218 complectebatur,
1074 2157 1190 2219 quod
1221 2173 1338 2202 secus
1379 2169 1469 2203 erat
1508 2158 1624 2220 apud

260 2232 503 2288 Romanos,
538 2247 718 2293 quorum
748 2230 909 2293 primus
942 2242 1192 2293 argumento
1223 2231 1414 2278 fabulam
1450 2249 1622 2295 compo-

263 2307 348 2358 suit
378 2306 528 2356 Livius
560 2305 848 2353 Andronicus.
912 2296 1162 2355 CasaubOni
1183 2318 1559 2357 commentatorem
1578 2306 1623 2355 in

262 2400 451 2432 errorem
487 2381 650 2427 induxit
689 2380 803 2444 quod
838 2380 969 2444 paulo
1009 2393 1110 2446 post
1148 2398 1174 2429 a
1204 2381 1335 2429 Livio,
1368 2396 1621 2434 commemo-

261 2469 393 2515 ratur,
426 2458 605 2504 Saturas
630 2457 684 2503 ab
707 2456 936 2515 Atellanis,
959 2474 1063 2522 quas
1092 2469 1339 2521 argumento
1361 2457 1505 2502 doctas
1528 2472 1621 2502 esse

261 2546 305 2581 et
335 2550 415 2597 ego
446 2550 535 2579 non
565 2532 750 2596 negabO,
779 2544 992 2597 exceptaS,
1025 2534 1096 2580 diu
1114 2534 1160 2580 in
1180 2534 1341 2580 honore
1360 2530 1513 2587 fuisse3
1544 2532 1623 2592 sed

264 2609 492 2658 Atellanae
522 2624 612 2655 non
642 2619 764 2655 erant
791 2607 893 2657 illae
926 2610 1123 2670 Saturae,
1157 2625 1267 2674 quas
1294 2618 1443 2657 auctor
1476 2619 1624 2659 noster
