1730 3015
726 153 805 229 87

148 306 317 353 Esseda
345 306 573 365 festinant,
604 307 766 372 pilenta
794 309 1181 373 petorrita·naves;

151 381 379 446 Gaptivum
409 392 605 448 portatur
634 383 759 439 ebur,
793 385 959 447 captiva
992 383 1259 430 Corinthu&

94 456 277 504 Talibus
307 457 516 505 illecebris
548 456 751 503 instructa
781 469 869 504 erat
900 457 1046 504 fabula
1086 459 1266 523 Equus
1308 456 1447 503 Tro·

92 540 272 593 ianus,
306 550 432 597 quam
465 532 617 578 Cicero
648 530 776 587 vidit,
817 543 907 578 toto
938 533 1054 588 coelo
1088 534 1251 579 distans
1284 533 1337 578 ab
1373 532 1448 578 illa

91 607 209 654 Livii
238 619 280 654 et
309 606 468 655 Naevii
498 605 737 668 severitate.
777 606 924 669 Itaque
954 614 1089 670 neque
1120 609 1173 654 ab
1203 608 1285 667 illo¹
1310 626 1447 671 neque

93 682 148 729 ab
190 682 271 730 hoe
310 682 550 747 composita
590 691 702 738 erat,
744 691 787 726 et
826 680 938 727 male
975 682 1098 727 nobis
1130 683 1338 740 consulit,
1373 684 1448 746 qui

93 773 172 821 pro
212 757 338 803 Livio
374 758 420 802 in
459 753 597 802 Nonii
636 754 776 802 locum
825 753 1039 802 Naevium
1082 756 1281 815 intrudit,
1331 761 1448 820 quod

93 831 347 877 Macrobius
403 830 495 876 Sat.
536 830 623 877 VI.
665 843 701 876 1.
785 829 999 878 Naevium
1052 841 1266 877 auctorem
1313 831 1449 895 Equi

89 905 322 951 'Troiani
352 905 529 960 referat3
561 906 704 952 omnia
735 906 846 952 enim
878 923 985 969 quae
1018 904 1145 951 Livio
1177 906 1338 952 auctori
1373 907 1449 953 ob-

96 991 230 1037 stant,
262 981 388 1027 etiam
417 981 462 1027 in
493 978 707 1027 Naevium
739 981 891 1027 cadere
923 981 1120 1026 vidimus.

217 1054 385 1115 Quibus
419 1073 546 1119 quum
577 1055 913 1118 demonstratum
947 1056 1023 1113 sit,
1048 1055 1278 1102 'Ciceronis
1309 1055 1449 1102 locum

96 1140 138 1175 et
167 1130 330 1192 reliqua
359 1130 413 1175 ab
446 1130 628 1176 Osanno
659 1129 829 1192 prolata
848 1142 1113 1192 argumenta,
1146 1130 1203 1176 ad
1222 1130 1449 1176 absolven-

95 1204 195 1251 dam
232 1205 516 1267 quaestionem
555 1205 608 1251 de
646 1203 759 1250 Livii
797 1205 945 1268 Equo
1000 1205 1244 1251 Troiano
1287 1205 1451 1251 nullum

95 1281 269 1342 prorsus
314 1290 574 1325 momentum
610 1278 786 1335 habere,
835 1279 922 1323 iam
968 1280 1195 1341 quaeritur,
1246 1280 1348 1342 ‘quid
1398 1282 1451 1326 de

98 1351 255 1400 Naevii
286 1355 437 1399 eadem
451 1352 597 1399 fabula
619 1370 646 1399 a
666 1352 893 1398 Macrobio
923 1353 1050 1399 citata
1078 1354 1336 1399 censendum
1367 1354 1454 1400 sit?

97 1427 260 1473 Poetae
291 1427 437 1472 Latini
465 1428 565 1473 inde
598 1445 625 1473 a
655 1425 824 1473 Naevio
855 1425 1036 1484 fabulas,
1070 1444 1173 1489 quas
1206 1439 1303 1473 ante
1334 1428 1454 1490 ipsos

99 1501 172 1547 alii
205 1501 376 1547 Romae
409 1502 641 1547 docuerant
671 1511 901 1546 retractare
946 1511 988 1546 et
1025 1501 1162 1546 denuo
1201 1501 1245 1546 in
1282 1519 1455 1548 scenam

98 1576 362 1622 introducere
404 1575 617 1632 solebant,
657 1591 783 1637 quem
824 1591 987 1619 morem
1028 1574 1172 1619 etiam·
1193 1575 1239 1620 in
1269 1575 1456 1621 Graecia

97 1651 298 1697 usitatum
327 1650 459 1697 fuisse
491 1660 753 1713 compertum
782 1648 1001 1716 babemuS.
1070 1648 1141 1695 De
1178 1648 1335 1696 Plauto
1374 1650 1456 1698 boc

99 1741 179 1770 nos
202 1726 344 1771 docuit
373 1724 618 1769 Boeckhius
649 1723 834 1785 inlibro
867 1724 920 1769 de
959 1723 1110 1769 Graec.
1146 1724 1279 1785 Trag.
1308 1725 1455 1772 Princ-

100 1819 136 1849 c.
175 1812 217 1846 3.
244 1801 319 1854 fin.
349 1798 587 1862 multasque
634 1798 689 1844 ab
723 1815 773 1843 eo
805 1808 991 1844 veterum
1024 1809 1247 1861 poetarum
1285 1792 1454 1846 fabulas

75 1886 289 1939 ‘receptas
335 1891 430 1920 esse
468 1874 665 1936 probavit
695 1872 936 1918 testimonio
970 1872 1104 1918 Gellii
1132 1870 1192 1918 N.
1221 1873 1276 1917 A.
1305 1874 1383 1920 III.
1414 1886 1455 1919 3.

102 1950 169 1996 Ita
200 1961 242 1995 et
270 1949 387 1995 Livii
415 1960 617 2012 poemata
658 1958 787 2009 saepe
830 1947 1166 1993 retractabantur
1208 1964 1234 1992 a
1271 1945 1458 2006 Naevio,

101 2023 260 2080 Ennio,
292 2023 435 2079 Accio,
466 2023 657 2069 Pacuvio
688 2033 731 2067 et
762 2022 872 2077 aliis,
915 2021 1030 2084 quod
1060 2021 1278 2067 nonnullis
1320 2041 1460 2068 exem·

102 2098 187 2163 plis
219 2098 539 2155 demonstrabo,
571 2108 617 2143 ut
652 2102 877 2161 appareat,
920 2096 1081 2142 nullum
1112 2097 1460 2161 impedimentum

103 2170 219 2230 esse,
263 2174 364 2235 quin
395 2175 437 2218 et
480 2173 690 2236 Equum
730 2172 1042 2218 Troianum
1086 2171 1202 2218 Livii
1233 2189 1259 2218 a
1288 2170 1458 2219 Naevio

105 2248 263 2294 editam
293 2248 484 2294 dicamus
513 2253 566 2301 ¹).
596 2238 866 2293 Docuerunt:

182 2492 219 2546 ¹)
236 2493 280 2528 ln
288 2489 491 2529 laudandis
501 2497 702 2540 poetarum
719 2490 861 2528 fabulis
871 2490 1079 2540 praecipue
1097 2488 1267 2526 Nonium
1284 2487 1459 2534 adhibui,

106 2557 149 2585 ut
159 2553 298 2597 ,plures
314 2551 486 2589 eiusdem
507 2551 613 2587 tituli
628 2549 780 2587 fabulas
797 2551 1035 2586 diversorum
1050 2556 1249 2585 auctorum
1260 2547 1308 2583 ab
1326 2549 1462 2583 eodem

107 2610 358 2657 grammatico
381 2610 492 2655 citari
517 2608 788 2659 conspiciatur.
837 2611 936 2646 Usus
960 2620 1048 2646 sum
1080 2607 1249 2645 editione
1286 2607 1463 2645 Mercari.
