1730 3015
793 136 868 214 17

263 290 443 339 Praeter
484 291 588 338 haec
627 306 770 348 sacra,
811 306 991 354 quorum
1020 291 1196 338 nomina
1227 292 1322 339 sola
1351 294 1498 357 appel-

144 365 231 414 lare
263 368 368 414 satis
399 366 550 424 habui,
582 363 670 411 alia
698 375 821 423 sunt,
852 364 897 412 in
928 365 1090 430 quibus
1108 366 1306 414 ludorum
1348 369 1498 415 carmi-

143 462 327 508 numque
355 442 463 489 ratio
494 440 648 487 clarius
680 440 952 504 perspicitur,
985 454 1247 507 quapropter
1276 444 1330 490 de
1349 443 1401 490 iis
1417 444 1497 490 ali-

143 530 300 583 quanto
332 517 491 580 largius
523 515 826 585 disputandum
854 517 933 561 est.
964 543 1024 550 —
1052 515 1246 564 Primum
1275 517 1359 564 huc
1388 518 1499 565 refe-

142 610 192 644 ro
223 591 482 639 Ambarvalc
523 589 793 645 sacrificium,
834 590 900 634 >sic
942 591 1118 646 dictum,
1159 595 1273 653 quod
1312 593 1497 640 hostiam

144 668 341 713 ducentes
374 666 618 712 sacerdotes
648 674 746 708 ante
777 680 962 708 messem
982 681 1085 709 arva
1105 664 1397 725 circumibant,
1428 687 1495 715 se-

141 753 294 804 quente
325 738 631 787 clamitantium
659 749 703 783 et
731 738 972 784 canentium
990 738 1273 802 agricolarum
1291 743 1415 790 turha
1441 750 1494 798 ²).

138 814 298 879 virgil.
331 814 493 875 Georg.
525 813 561 859 I.
593 818 694 870 ³35,
726 829 822 876 sqq.

259 919 426 966 Cuncta
466 917 544 964 tibi
576 917 779 964 Cererem
807 917 943 981 pubes
975 917 1155 980 agrestis
1187 918 1352 966 adoret.

258 993 377 1053 Quoi
407 1003 452 1038 tu
481 991 590 1038 lacte
619 990 742 1037 favos
774 1002 816 1038 et
844 991 939 1049 miti
968 991 1079 1037 dilue
1108 992 1310 1056 Baccho;

257 1067 433 1131 Terque
462 1082 596 1113 novas
626 1066 782 1113 circum
810 1065 913 1112 felix
943 1077 1014 1111 eat
1043 1066 1184 1112 hostia
1213 1066 1372 1130 fruges,

258 1141 417 1187 Omnis
439 1156 567 1204 quam
587 1140 737 1186 chorus
759 1151 800 1185 et
821 1141 924 1197 socii
944 1141 1196 1188 comitantur
1215 1154 1404 1201 ovantes,

256 1214 317 1259 Et
339 1214 543 1260 Cererem
561 1213 746 1258 clamare
768 1224 919 1259 vocent
937 1214 983 1259 in
1002 1225 1125 1261 tecta.
1186 1212 1341 1281 Neque
1361 1229 1459 1267 ante

255 1288 430 1334 Falcem
460 1286 637 1333 maturis
670 1286 894 1350 quisquam
925 1298 1142 1352 supponat
1170 1289 1328 1348 aristis,

260 1361 409 1424 Quam
441 1360 611 1417 Cereri,
643 1370 755 1406 torta
783 1359 1006 1407 redimitus
1038 1371 1234 1426 tempora
1265 1379 1435 1427 quercu,

253 1436 345 1483 Det
374 1447 514 1482 motus
544 1434 852 1498 incompositos
883 1446 926 1483 et
955 1436 1145 1483 carmina
1175 1436 1301 1486 dicat.

133 1543 175 1588 J.
208 1540 401 1604 Scaliger
432 1540 486 1586 ad
515 1539 693 1586 Festum
731 1556 770 1586 v.
802 1533 1056 1587 Amtermini
1085 1541 1234 1587 eadem
1259 1558 1354 1589 esse
1386 1542 1491 1592 haec

133 1615 410 1661 Ambarvalia
440 1613 655 1660 contendit
683 1630 778 1660 cum
807 1613 1055 1660 Amburbiis
1085 1614 1238 1661 civium
1266 1614 1492 1664 Romano-

132 1708 250 1745 rum,
297 1705 404 1751 quae
450 1688 600 1734 eadem
634 1685 912 1733 Ambarvalia
954 1686 1168 1741 dicuntur3
1210 1688 1286 1736 sed
1312 1707 1491 1754 prorsus

134 1764 306 1809 ‹liversa
334 1762 441 1807 mihi
470 1761 603 1807 fuisse
634 1760 847 1815 videntur,
881 1776 1009 1821 quum
1040 1761 1278 1809 Amburbia
1306 1780 1395 1810 non
1408 1783 1491 1828 pro

132 1837 248 1884 felici
278 1836 432 1900 segetis
465 1852 659 1882 successu
689 1835 767 1882 sed
795 1850 874 1897 pro
905 1834 1038 1881 salute
1058 1834 1195 1892 urbis,
1226 1846 1270 1881 et
1297 1854 1385 1884 non
1408 1840 1489 1887 Ce-

133 1912 215 1958 reri
246 1911 342 1967 soli,
375 1910 451 1956 sed
469 1910 596 1957 etiam
626 1908 723 1954 aliis
753 1908 834 1954 diis
865 1909 1029 1965 fierent,
1060 1910 1175 1972 quod
1205 1909 1417 1959 abunde
1404 1930 1492 1961 ram

133 1985 322 2032 indicant
352 1983 709 2032 Suovetaurilium
739 1982 955 2029 sacrificia.
988 1981 1081 2029 Cfr.
1106 1982 1298 2033 Festum.
1357 1984 1492 2034 Prae..

133 2069 250 2103 terea
289 2077 385 2105 cum
423 2057 671 2105 Amburbiis
712 2073 802 2103 non
838 2055 1184 2102 confundendum
1224 2067 1291 2104 est
1323 2060 1494 2109 tertium

134 2131 459 2179 Ambarvalium
500 2148 656 2195 genus,
710 2148 793 2195 quo
837 2141 961 2195 pater
1004 2129 1208 2188 familias,
1260 2130 1387 2181 villae
1428 2134 1492 2183 lu·

138 2216 279 2251 strans
310 2206 442 2263 fineS,
471 2206 664 2253 Martem
694 2205 777 2251 sibi
806 2203 1061 2253 conciliabat
1088 2204 1310 2267 precibus,
1341 2208 1493 2270 quibus

132 2278 441 2328 suovetaurilia
463 2279 793 2338 adhibebantur,
822 2289 928 2329 teste
950 2277 1117 2328 Catone
1145 2278 1192 2325 in
1209 2278 1320 2327 libro
1349 2280 1404 2329 de
1423 2279 1492 2330 Re

237 2436 271 2480 ⁸)
296 2431 472 2470 Nominis
497 2432 794 2471 Ambarvalium
817 2433 964 2470 sontem
1000 2432 1168 2483 explicat
1198 2431 1423 2471 Macrobius
1448 2436 1491 2473 in

138 2492 218 2529 Sat.
244 2493 311 2530 111.
336 2497 372 2537 5,
398 2490 496 2527 Festi
521 2492 784 2528 auctoritatem
809 2493 970 2528 laudans
995 2497 1032 2527 et
1052 2490 1216 2527 addens:
1239 2491 1373 2535 „Hinc
1384 2491 1492 2531 enim

137 2549 320 2588 videlicet
344 2557 382 2588 et
404 2561 547 2587 nomen
569 2549 717 2587 hostiae
740 2542 970 2600 acquisitum
994 2555 1062 2593 est,
1101 2547 1151 2584 ab
1183 2546 1398 2587 ambiendis
1412 2595 1414 2597 Ι
1429 2561 1494 2587 nr-

138 2607 239 2645 vis.”
292 2612 427 2661 Itaque
449 2606 683 2647 vocabulum
706 2605 841 2645 fiotum
868 2615 940 2655 est,
964 2615 1007 2645 ut
1029 2605 1295 2646 Amburbinlis
1316 2606 1457 2647 hostia.

1180 2674 1203 2709 2
