1730 3015
848 212 919 249 VI

206 354 448 418 aliquanto
486 352 667 415 dignius
697 351 887 414 pietatis
918 367 1032 414 erga
1062 359 1107 398 te
1136 351 1459 399 documentum
1485 354 1558 414 of-

187 450 333 513 ferre
373 448 457 495 tibi
486 464 689 509 possem.
748 447 885 495 Nunc
925 463 1003 493 res
1045 447 1187 493 aliter
1223 448 1411 494 cecidit.-
1449 465 1559 494 nam

205 552 501 591 cunctantem
545 560 618 589 me
663 551 710 589 et
755 543 1056 611 dubitantem,
1101 544 1330 605 quomodo
1375 544 1558 606 singula

204 640 375 700 optime
416 645 710 694 enarrentur,
758 654 922 697 munus
957 638 1194 699 publicum
1221 638 1270 683 in
1303 638 1555 702 Gymnasio

200 734 549 796 Arnsbergensi
568 740 831 793 susceptum
857 740 904 778 et
927 732 1117 778 iamiam
1138 733 1557 779 administrandum

203 829 415 875 continuo
453 827 666 891 impellit,
711 834 763 873 ut
802 827 869 872 ad
888 828 1035 889 finem
1062 843 1327 890 properem.
1394 829 1557 891 Quare

201 925 249 970 si
256 924 395 986 sorte
424 924 656 986 quaedam
678 939 855 985 parum
885 905 1120 969 enucleate
1150 931 1197 970 et
1223 906 1458 986 eleganter
1475 940 1556 971 ex-

195 1009 375 1079 posita
396 1018 485 1064 tibi
518 1018 802 1074 videbuntur,
842 1025 1031 1065 oratum
1067 1025 1111 1062 te
1151 1018 1302 1075 velim,
1338 1020 1555 1078 primum,

202 1120 254 1157 ut
282 1113 371 1158 laoc
398 1113 736 1159 incommodum
759 1129 853 1158 non
873 1112 986 1157 mihi
1010 1112 1097 1158 sed
1124 1112 1405 1173 temporibus
1438 1114 1552 1160 meis

201 1209 396 1264 tribuas,
426 1215 521 1253 tum
554 1215 605 1253 ut
631 1208 802 1253 donum
821 1208 907 1252 hoc
934 1208 1025 1263 tibi,
1054 1208 1135 1269 qui
1144 1208 1325 1268 primus
1351 1215 1556 1254 veterum

199 1303 383 1365 ingenia
409 1303 641 1348 admirari
662 1304 815 1365 eisque
843 1320 1035 1364 operam
1061 1319 1231 1347 navare
1257 1319 1329 1347 me
1349 1303 1556 1361 docuisti,

200 1396 491 1458 inscriptum,
536 1414 629 1443 non
666 1405 762 1443 tam
790 1398 963 1443 iudices
996 1413 1059 1443 ex
1089 1413 1173 1443 suo
1200 1398 1375 1458 pretio,
1418 1415 1557 1460 quam

201 1492 377 1537 eximia
413 1508 517 1536 mea
546 1493 594 1537 in
624 1500 671 1537 te
703 1494 938 1538 voluntate
967 1501 1014 1538 et
1042 1510 1201 1539 amore
1226 1501 1465 1554 perpetuo.

205 1588 322 1635 Vale
352 1596 400 1634 et
413 1587 564 1650 save!

347 1745 575 1805 Scripsi
606 1744 881 1802 Berolini,

201 1855 356 1885 mense
384 1838 641 1885 Decembri
665 1849 1012 1885 MDCCCXXVJJJ.

1064 2195 1066 2197 ’
1105 2193 1218 2252 Fr.
1265 2193 1550 2252 Stieve.

1682 2219 1730 2284 ,q
