1730 3015
801 205 884 283 29

173 392 337 424 summa
366 372 552 423 maiores
576 372 717 420 *nostri
752 369 959 436 religione
999 371 1149 419 confici
1187 371 1526 438 caerimoniaque

172 453 420 499 voluerunt:
465 463 574 512 quae
617 464 746 510 quum
790 458 934 494 essent
971 447 1193 512 assumpta
1234 447 1288 492 de
1326 446 1524 508 Graecia,

171 539 212 574 et
240 545 318 592 per
338 527 527 575 Graecas
559 538 729 584 semper
757 534 901 568 curata
930 534 1031 568 sunt
1059 522 1301 569 sacerdotes
1322 534 1365 569 et
1386 523 1525 571 Grae-

172 619 222 649 ca
251 600 395 662 omnia
422 597 682 645 nominata.”
730 595 863 656 Quod
893 596 1043 642 eodem
1073 596 1167 644 loco
1199 598 1252 645 de
1282 599 1417 646 sacris
1450 618 1529 663 per

174 677 415 725 sacerdotes
451 670 743 719 monstrandis
780 670 979 734 loquitur,
1020 672 1073 717 de
1109 672 1309 720 doctrinis
1349 677 1524 725 occultis

171 752 327 799 dictum
366 766 457 796 esse
488 746 671 803 videtur,
713 762 821 809 quae
858 762 885 791 a
923 746 1213 792 sacerdotibus
1253 748 1526 810 docebantur,

173 827 405 873 secundum
433 822 574 884 legem
603 838 629 866 a
647 820 854 870 Cicerone
883 832 1107 878 servatam,
1141 830 1197 875 (v.
1229 822 1282 867 de
1311 822 1447 889 Legg.
1469 827 1527 872 Π.

172 911 215 958 9,
237 907 327 952 21).
387 896 469 942 Illa
499 894 721 942 Ciceronis
752 895 883 941 verba
924 906 967 941 et
1003 894 1073 941 lex
1109 912 1238 959 supra
1276 912 1527 958 memorata,

171 990 257 1037 qua
286 972 556 1018 interdictum
586 982 677 1017 erat
711 970 869 1016 initiari
901 970 1068 1016 Graeco
1100 987 1237 1027 sacro,
1280 972 1365 1018 nisi
1398 974 1527 1021 Cere-

170 1048 231 1094 ris
261 1046 502 1111 mysteriiS,
521 1044 804 1091 commovisse
835 1044 1032 1106 videntur
1060 1044 1352 1104 Armenium,
1398 1059 1441 1094 ut
1472 1050 1529 1095 ad

170 1122 396 1177 Victorem
426 1121 455 1166 l.
486 1121 514 1166 l.
547 1121 723 1166 omnino
762 1130 948 1181 negaret,
991 1116 1263 1165 Hadrianum
1304 1121 1529 1169 Eleusinia

174 1194 363 1241 Romam
401 1193 681 1251 transtulisse,
723 1193 800 1240 sed
835 1193 1045 1239 initiatum
1080 1194 1211 1240 modo
1249 1194 1385 1243 fuisse
1422 1215 1526 1244 con-

175 1270 381 1315 tenderet.
450 1268 552 1328 Quo
599 1284 701 1313 vero
742 1268 831 1312 iure
879 1284 967 1311 non
1014 1268 1251 1331 perspiciO,
1301 1269 1369 1315 fac
1416 1272 1532 1319 enim

176 1343 459 1399 Hadrianum,
498 1344 572 1405 qui
611 1341 666 1387 ob
700 1341 965 1387 Graecarum
999 1358 1143 1387 rerum
1174 1342 1361 1388 studium
1392 1344 1530 1392 Grae·

177 1417 296 1463 culus
345 1416 662 1481 appellabatur,
715 1415 761 1460 in
799 1415 1019 1478 antiquum
1059 1415 1230 1461 Cereris
1269 1416 1426 1465 cultum
1464 1420 1530 1466 in·-

176 1492 347 1538 duxisse
382 1492 502 1548 ritus,
544 1490 696 1554 quibus
732 1489 913 1536 Athenis
949 1488 1174 1535 Eleusinia
1206 1491 1530 1553 peragebantur,

179 1567 325 1612 omnia
375 1566 485 1611 bene
530 1564 798 1610 conveniunt.
867 1558 1059 1609 Victoris
1105 1565 1340 1610 narrationi
1386 1570 1527 1631 magis

176 1640 461 1688 contradicere
490 1639 652 1685 videtur
680 1638 826 1684 Aelius
859 1637 1128 1700 Spartianus,
1171 1638 1242 1701 qui
1283 1639 1335 1685 de
1364 1639 1530 1689 Hadri-

178 1710 261 1762 ano
299 1735 333 1762 c.
367 1725 438 1760 22.
467 1713 617 1760 refert:
657 1714 823 1770 „Sacra
855 1711 1062 1757 ¹Romana
1102 1712 1426 1775 diligentissime
1458 1736 1531 1764 cu-

125 1800 128 1802 ’
178 1791 305 1838 ravit:
348 1789 574 1854 peregrina
613 1787 848 1834 contemsit.
858 1788 879 1804 ''
941 1787 1030 1834 Sed
1077 1804 1166 1833 non
1210 1787 1378 1848 dubito,
1429 1794 1532 1855 quin

181 1883 284 1913 voce
329 1863 618 1928 peregrina
661 1861 958 1924 significaverit
997 1861 1280 1924 Aegyptiam,
1333 1882 1441 1927 quae
1487 1879 1530 1913 et

183 1939 388 1988 Salmasii
415 1955 455 1985 a.
483 1936 526 1983 h.
554 1936 585 1983 l.
616 1935 823 1983 sententia
853 1946 931 1982 est.
990 1935 1217 2000 Utcunque
1258 1954 1327 1984 res
1366 1957 1412 1986 se
1453 1940 1532 1987 ha.

181 2016 274 2072 bet,
322 2024 492 2078 praeter
525 2010 807 2073 agricolarum
847 2010 1014 2056 Cereris
1052 2010 1210 2057 cultum
1246 2013 1390 2076 prisco
1429 2025 1533 2062 tem-

183 2090 292 2151 porc
336 2085 537 2151 mysteria
573 2085 762 2132 eiusdem
800 2085 903 2133 deae
939 2084 1073 2132 fuisse
1110 2085 1278 2133 Romae
1318 2089 1421 2136 satis
1460 2091 1534 2137 de·

182 2173 465 2209 monstratum
494 2177 589 2207 esse
620 2171 736 2224 put0.

302 2232 410 2282 Non
438 2236 578 2281 minus
608 2234 782 2298 antiqua
811 2233 1132 2287 celebrabantur
1158 2237 1358 2300 mysteria
1382 2238 1535 2285 Bonae

186 2309 323 2368 Deae,
354 2325 462 2372 quae
498 2320 546 2357 ut
575 2308 746 2356 Cereris
782 2324 907 2357 sacra
937 2326 965 2355 a
994 2309 1099 2355 solis
1129 2311 1333 2357 matronis
1364 2311 1534 2360 fiebant.

190 2384 283 2432 Cic.
300 2400 393 2448 -pro
430 2384 559 2431 domo
588 2394 660 2442 40,
694 2390 790 2443 105,
807 2384 874 2431 -de
904 2383 1013 2430 Har.
1044 2383 1181 2449 Resp.
1202 2391 1243 2442 5,
1265 2390 1306 2442 8,
1338 2397 1379 2432 et
1408 2404 1533 2451 prae-

190 2460 310 2523 cipue
351 2468 418 2515 17,
440 2468 519 2513 ὅτε
563 2458 787 2516 „'Etenim‚
838 2459 957 2515 dicit,
1001 2459 1116 2522 quod
1155 2459 1406 2507 sacrificium
1446 2473 1536 2508 tam

190 2544 400 2581 vetustum
428 2544 504 2590 est,
537 2549 665 2597 quam
692 2532 788 2589 hoc,
820 2534 940 2597 quod
972 2549 998 2579 a
1026 2533 1195 2596 regibus
1226 2534 1399 2597 aequale
1440 2535 1538 2584 huic

188 2609 285 2655 urbi
314 2606 582 2672 accepimus?
624 2607 737 2671 quod
767 2618 908 2655 autem
936 2618 1023 2655 tam
1053 2607 1270 2666 occultum,
1312 2625 1441 2673 quam
1475 2611 1536 2669 id,

192 2684 311 2747 quod
337 2702 436 2733 non·
453 2682 592 2733 solnm
620 2682 813 2747 curiosos
834 2682 984 2732 oculos
998 2681 1191 2743 excludit,
1213 2683 1289 2731 sed
1308 2684 1438 2733 etiam
1467 2704 1534 2734 er·
