1730 3015
910 127 996 196 '64

278 298 323 334 et
344 286 538 351 satyrica
557 286 751 332 dramata
771 285 979 349 originem
1013 280 1187 333 debent,
1197 279 1310 332 ludis
1334 278 1640 349 agricolarum3

281 361 359 409 cfr.
383 360 608 408 Thiersch.
630 361 686 405 ad
702 360 832 406 Pindi
854 358 884 406 l.
905 360 934 407 l.
997 360 1114 407 Tum
1144 362 1188 408 in
1218 360 1285 406 his
1318 378 1487 425 semper
1507 351 1641 425 appa-

280 449 377 485 rent
403 436 571 499 Satyri,
602 436 648 481 in
677 435 764 481 illis
803 434 1051 500 plerumque
1088 436 1202 482 idem
1243 451 1538 498 personarum·
1570 452 1642 497 ge-

272 529 381 565 -nus;
407 510 572 574 Satyri,
603 510 779 557 numina
806 510 983 568 ruralia,
1014 530 1092 576 per
1122 506 1269 558 omnes
1301 521 1416 557 actus
1447 510 1557 567 ruri,
1596 510 1644 556 in

273 586 523 643 montibus,
568 584 688 632 silvis
726 597 769 632 et
809 585 1023 650 speluncis
1071 586 1368 641 versabantur;
1419 585 1642 631 Atellanas

282 662 509 728 praecipue
541 661 738 708 homines
769 663 948 708 rusticos
979 662 1173 709 retulisse
1206 672 1346 726 supra·
1378 661 1465 707 iam
1503 659 1641 706 docui.

284 738 419 798 Quod
448 754 551 782 vero
583 737 640 782 ibi
681 737 870 799 generali
908 740 1116 783 sententia
1158 737 1422 793 confirmavi,
1461 735 1530 781 hie
1572 751 1642 781 ac-

281 813 468 860 curatius
499 812 784 858 definiendum
815 823 856 859 et
882 812 1150 876 probandum
1187 813 1364 859 videtur.
1423 810 1643 858 Personas

285 890 433 936 Oscas
479 888 524 932 in
564 886 775 932 Atellanis
818 887 1036 949 prodisse,
1083 897 1124 931 et
1170 887 1382 948 quasdam
1424 902 1568 932 earum
1598 884 1644 931 in

284 962 476 1025 pluribus
514 959 669 1005 fabulis
700 960 873 1005 easdem
903 959 1130 1016 mansisse,
1160 971 1208 1005 nt
1234 962 1392 1006 sannio
1421 961 1466 1006 in
1495 959 1646 1005 Italica

281 1035 502 1083 comoedia
532 1033 633 1079 dell’
664 1044 778 1091 arte,
810 1044 851 1078 et
883 1033 1078 1080 Staberle
1107 1035 1154 1080 in
1184 1035 1414 1081 comoediis
1452 1034 1644 1098 pluribus

288 1128 397 1175 quae
427 1109 733 1156 vindobonae¹
752 1109 978 1166 docentur,
1010 1127 1061 1155 ex
1080 1109 1308 1156 Diomedis
1330 1110 1424 1157 loco
1444 1110 1644 1156 vidimus.

285 1186 514 1247 Quaenam
554 1195 696 1230 autem
736 1184 910 1229 nomina
949 1184 1120 1230 illarum
1160 1201 1441 1249 personarum
1476 1184 1643 1241 fuerint,

283 1278 373 1307 non
404 1260 639 1306 admodum
670 1269 829 1305 certum
860 1269 949 1315 est,
980 1258 1063 1305 nisi
1094 1260 1208 1322 quod
1238 1260 1440 1306 Maceum
1460 1277 1510 1305 ex
1532 1259 1643 1305 Dio-

284 1336 408 1382 mede
458 1335 675 1392 novimus,
724 1334 794 1397 qui
849 1334 1002 1379 diserte
1050 1334 1215 1380 Oscam
1268 1351 1499 1398 personam
1550 1350 1645 1380 esse

284 1411 420 1457 addit.
480 1409 637 1455 Plures
677 1408 846 1455 fabulas
886 1408 1032 1455 Macci
1075 1410 1244 1454 nomine
1282 1410 1508 1473 inscriptas
1550 1426 1644 1455 esse

285 1485 439 1530 docent
471 1483 693 1529 Charisius
726 1494 768 1528 et
806 1481 978 1528 Nonius
1020 1480 1214 1547 pluriBus
1246 1482 1372 1540 locis,
1403 1484 1476 1529 uhi
1505 1484 1643 1532 Mac-

277 1576 419 1616 -cum,
451 1558 688 1604 Maccum
721 1559 1092 1621 Sequestrem,
1124 1557 1376 1604 Maceum
1408 1558 1495 1604 sive
1535 1557 1645 1610 Ma-

284 1633 433 1681 chum
465 1632 725 1690 Militem,
757 1632 1002 1679 Maccum
1031 1631 1277 1691 Exulem,
1299 1633 1522 1680 Maccos
1556 1633 1644 1679 sive

283 1707 521 1755 Machos
555 1707 822 1753 Geminos
835 1744 848 1765 ,
879 1707 1058 1754 laudant
1085 1715 1135 1762 1).
1200 1708 1393 1771 Scaliger
1431 1709 1487 1754 ad
1527 1706 1640 1754 Var-

282 1801 433 1829 ronem
465 1784 516 1829 de
547 1782 671 1828 L.L.
692 1782 773 1829 VI.
792 1801 836 1847 p.
860 1793 930 1840 99,
953 1784 1019 1828 ed.
1041 1783 1142 1846 Bip.
1174 1784 1349 1837 (Adnot.
1369 1800 1411 1844 p.
1425 1790 1646 1844 237,sqq.)

282 1869 453 1921 praeter
484 1857 687 1903 Maccum
720 1857 864 1903 Oreas
895 1873 1102 1920 personas
1134 1855 1265 1902 fuisse
1297 1857 1479 1902 affirmat
1513 1857 1645 1903 Man-

286 1933 454 1988 ducum,
484 1931 703 1995 Pappum,
734 1931 981 1976 Bucconem
1013 1941 1055 1975 et
1093 1931 1290 1992 Sagarin,
1333 1931 1463 1977 Oscis
1504 1941 1645 1977 autem

285 2005 365 2051 has
413 2022 560 2050 omnes
604 2023 693 2051 non
738 2005 981 2061 tribuerim,
1029 2015 1070 2050 et
1113 2022 1166 2050 ne
1208 2005 1416 2051 Atellanis
1460 2006 1643 2069 quidem.

284 2081 436 2128 Varro
467 2079 496 2124 l.
520 2098 557 2125 c.
589 2079 635 2124 in
665 2078 874 2124 Atellanis
907 2079 1134 2125 obsonium
1165 2079 1264 2126 dicit
1294 2081 1436 2127 vocari
1465 2077 1644 2127 mandu-

286 2175 383 2203 eum
414 2174 440 2202 a
470 2154 715 2200 mandendo
747 2164 788 2199 et
817 2154 1138 2211 manducando,
1159 2165 1200 2201 et
1228 2155 1345 2202 nulla
1377 2174 1505 2203 causa
1542 2156 1649 2202 suh...

284 2243 367 2288 est,
413 2245 522 2293 quae
554 2228 841 2275 obsonium
877 2228 922 2273 in
963 2245 1257 2292 personam
1299 2232 1452 2294 corrigi
1487 2231 1642 2278 iubeat.

283 2307 356 2353 Ex
386 2304 621 2369 Pomponii
653 2303 765 2349 enim
795 2302 1036 2364 fragmento
1068 2305 1183 2366 apud
1216 2303 1431 2353 Nonium:

404 2381 596 2441 Magnus
630 2377 840 2424 Camillus
872 2378 1105 2424 manducus
1135 2380 1400 2438 cantherius,

385 2523 421 2567 ¹)
447 2521 603 2558 Maccus
635 2518 717 2556 sive
750 2517 912 2555 Machus
947 2517 1151 2564 (fluctuant
1184 2519 1289 2556 enim
1329 2520 1461 2567 codd.)
1496 2520 1646 2570 praeci-

287 2591 365 2626 pue
397 2578 525 2616 Novio
557 2584 711 2627 accepta
743 2588 912 2627 persona
943 2577 1062 2616 fuisse
1095 2577 1273 2628 videtui-3
1311 2579 1645 2632 plerique-Macci

288 2637 366 2686 ipsi
390 2637 622 2674 tribuuntur.
1085 2652 1087 2655 ·
1615 2637 1618 2640 '
