1730 3015
896 109 974 172 10

241 260 377 307 multa
409 278 461 308 ex
493 261 666 324 antiquo
698 260 812 307 cultu
851 260 1094 319 servabant,
1138 278 1227 308 non
1256 278 1434 309 vacasse
1477 260 1607 310 dicte-

241 336 318 382 riis
352 348 394 382 et
425 336 510 383 illis
554 335 827 399 „opprobriis
858 336 1067 393 rusticis,''
1101 337 1383 385 docuit'idem
1413 337 1458 382 in
1496 335 1607 383 libro

242 412 296 458 de
329 412 560 458 Eleusiniis
600 429 634 457 c.
680 421 750 466 27.
784 429 828 473 p.
870 417 941 457 83.
1015 411 1087 457 Ad
1127 412 1233 460 haec
1273 413 1380 460 adde
1414 423 1608 476 apertum

240 487 384 534 locum
424 486 668 532 Aristotelis
710 503 839 550 supra
884 485 1101 532 laudatum
1143 498 1186 533 et
1224 488 1421 540 ¹Maximi
1482 487 1609 550 Tyrii

239 561 552 618 testimonium,
592 577 677 624 quo
732 560 905 607 Doricis
955 560 1190 608 civitatibus
1230 563 1414 626 antiquis
1456 573 1606 608 cantus

238 637 458 693 tribuitur,
493 654 620 700 quem
658 636 771 701 apud
803 653 955 700 greges
989 636 1272 693 exercuerint3
1321 637 1606 684 Athenienses

237 712 350 760 idem
399 729 574 759 narrare
623 712 764 776 pergit
823 730 912 759 non
976 730 1072 760 sero
1134 713 1323 771 demum,
1376 713 1451 759 sed
1509 724 1608 759 ante

238 804 411 834 omnem
427 787 581 851 poesin
603 787 757 835 choros
775 787 975 835 habuisse
998 787 1301 852 agricolarum:
1330 786 1609 854 Ἀθηναίοις

239 863 293 911 δέ
313 863 342 930 ἦ
358 863 448 924 μὲν
478 861 660 910 παλαιοὶ
691 865 866 911 ΛΙοῦσα
894 866 1033 928 χοροὶ
1062 868 1241 911 παίδων
1271 861 1393 930 ἦσαν
1414 865 1494 910 καὶ
1524 861 1610 910 ἀν-

239 940 380 1003 δρῶν,
411 940 493 1001 γῆς
523 935 729 1001 ἐργάται,
760 936 881 984 κατα
910 938 1084 1003 δήμους
1113 937 1374 998 ἱστάμενοι,
1414 935 1521 1002 ἄρτι
1551 936 1610 984 a’-

239 1012 390 1079 μητοῦ
419 1015 499 1059 καὶ
530 1010 705 1077 ἀρότου
735 1013 1037 1072 κεκονιμένοι,
1075 1011 1265 1074 ᾄσματα
1296 1010 1493 1073 ᾅδοντες
1522 1010 1609 1060 αὐ-

238 1089 470 1148 τοσχέδια.
503 1106 541 1133 κ.
562 1108 599 1133 τ.
620 1092 662 1133 λ.
692 1087 821 1133 Hanc
840 1088 1129 1132 narrationem
1159 1087 1211 1132 de
1242 1086 1352 1138 ludis
1374 1087 1609 1150 primorum

229 1161 450 1211 ‚Graeciae
463 1160 699 1208 incolarum
715 1161 1057 1223 vulgatissimam
1078 1162 1212 1209 fuisse
1231 1162 1378 1208 coniici
1391 1173 1536 1226 potest
1557 1181 1608 1209 ex

237 1236 502 1283 Prometheo
524 1236 612 1282 sive
636 1237 831 1283 Caucaso
845 1236 1049 1294 Luciani,
1081 1256 1131 1283 ex
1150 1255 1233 1301 quo
1248 1237 1375 1283 etiam
1395 1237 1608 1300 colligitur

242 1312 389 1375 quales
414 1312 477 1358 illi
496 1312 586 1357 ludi
605 1311 787 1358 fuerint:
818 1311 1129 1359 Prometheum
1159 1312 1317 1359 inducit
1344 1312 1608 1376 loquentem:

239 1387 300 1453 ἦν
331 1386 484 1453 ἀφέλῃ
522 1406 592 1440 τις
619 1388 714 1435 τῶν
745 1391 1021 1448 συμποσίων
1050 1386 1134 1441 τάς
1163 1391 1395 1449 κομψείας
1423 1386 1609 1444 ταύτας,

241 1461 423 1527 ἀπάτην
452 1465 531 1508 καὶ
563 1461 832 1522 σκώμματα,
865 1466 944 1521 καὶ
974 1461 1029 1510 w*
1060 1467 1395 1511 διασιλλαίνειν
1414 1466 1493 1510 καὶ
1514 1464 1608 1510 ἐπι-

239 1539 400 1600 γελᾶν,
430 1535 486 1584 wx
516 1536 925 1599 καταλειπόμενόν
966 1540 1059 1585 ἐστι
1086 1540 1216 1602 μέθη
1246 1540 1327 1584 καὶ
1357 1537 1499 1602 κόρος
1528 1540 1608 1585 καὶ

239 1610 398 1679 σιωπή,
431 1609 694 1675 σκυθρωποὶ
723 1615 802 1660 καὶ
833 1611 1014 1678 ἀτερπῆ
1044 1610 1307 1677 πράγματα,
1338 1616 1417 1659 καὶ
1447 1612 1608 1677 ἥκιστα

239 1691 477 1748 συμποσίῳ
509 1689 756 1751 πρέποντα.
816 1686 1005 1734 Romani
1035 1687 1260 1751 scriptores
1291 1687 1376 1751 ipsi
1404 1704 1493 1733 non
1531 1687 1607 1733 du-

238 1763 401 1809 bitasse
433 1762 651 1819 videntur,
683 1762 785 1826 quin
816 1762 930 1808 idem
962 1762 1158 1809 ludorum
1201 1779 1296 1808 mos
1334 1763 1379 1808 in
1422 1762 1608 1808 Graecia

240 1849 369 1900 atque
401 1838 445 1882 in
475 1837 602 1882 Italia
632 1838 834 1899 viguerit,
865 1849 908 1883 et
949 1837 1162 1899 Virgilius
1208 1837 1368 1899 Georg.
1412 1837 1470 1881 II.
1503 1839 1605 1882 382.

240 1912 568 1958 Atheniensium
599 1911 881 1973 agricolarum
913 1912 1213 1958 delectationes
1244 1911 1304 1956 ita
1336 1911 1605 1957 describens:

360 1987 648 2049 Praemiaque
679 1987 862 2047 ingeniis
895 2002 1031 2048 pagos
1065 1997 1107 2031 et
1137 1986 1322 2047 compita
1352 1986 1508 2032 circum

364 2060 583 2106 Thesidae
614 2054 818 2124 posuere;
849 2071 974 2122 atque
1005 2061 1115 2105 inter
1144 2060 1298 2122 pocula
1328 2060 1429 2107 laeti

361 2134 574 2181 Mollibus
606 2134 652 2179 in
681 2134 817 2197 pratis
848 2146 1000 2181 unctos
1034 2134 1186 2181 saliere
1217 2152 1296 2199 per
1326 2146 1454 2194 utres,

238 2211 369 2276 paulo
401 2221 503 2275 post
534 2228 629 2257 cum
660 2209 776 2257 hisce
808 2210 1026 2275 componit
1056 2210 1262 2258 Italorum
1300 2211 1439 2257 ludos.
1510 2212 1604 2259 De-

237 2288 368 2350 nique
410 2286 663 2333 sententiam
702 2303 843 2331 meam
882 2285 1116 2334 defendunt
1167 2303 1274 2351 quae
1312 2286 1372 2333 Ο.
1416 2287 1607 2333 Mueller

238 2362 269 2408 l.
292 2362 322 2407 l.
344 2381 387 2426 p.
411 2372 510 2416 347.
544 2362 597 2407 de
629 2360 956 2425 Phallophoriis
988 2360 1311 2408 Athzniensium
1341 2374 1384 2411 et
1415 2363 1467 2408 de
1507 2361 1605 2408 aliis

242 2437 512 2483 Graecorum
544 2437 902 2483 sollemnitatibus
936 2437 1144 2483 disseruit.

364 2513 511 2573 Quum
553 2523 695 2559 autem
739 2512 860 2558 initia
904 2511 967 2558 rei
1012 2513 1205 2560 scenicae
1251 2513 1368 2577 apud
1413 2511 1603 2582 Graecos

242 2605 494 2654 comparare
516 2589 640 2653 coepi
661 2606 759 2637 cum
778 2587 831 2637 iis
854 2605 962 2652 quae
982 2588 1153 2637 Romae
1179 2588 1225 2636 in
1244 2597 1480 2650 usu-erant,
1500 2604 1606 2653 ope-
