1730 3015
740 174 819 264 327

102 343 173 393 ΩΔ,
195 334 265 393 62,
297 334 472 382 Festum
502 350 542 377 v.
565 329 721 389 Nenia.
783 331 854 379 Ad
886 329 1051 378 Nenias
1083 332 1299 380 canendas
1326 350 1452 395 prae-

98 420 162 456 ter
191 411 341 457 tibiam
384 408 511 455 etiam
555 407 662 453 fides
703 407 912 454 adhibitas
953 426 1047 454 esse
1087 419 1264 455 testatur
1306 407 1451 454 Varro

99 487 214 557 apud
255 484 449 533 Nonium
487 499 521 527 s,
557 480 602 526 h.'
643 501 696 539 v.‚
740 501 790 528 ex
833 501 917 545 qno
959 482 1055 530 loeo
1094 483 1280 529 fortasse
1323 484 1452 528 etiam

100 561 305 606 conficere
336 559 448 615 licet,
489 556 603 601 haec:
630 557 817 602 carmina
859 574 947 602 non
978 558 1037 602 ad·
1065 558 1254 620 singulos
1288 558 1365 603 sed
1396 557 1452 602 ad

98 634 271 679 chorum
314 631 581 696 pertinuisse.
645 630 695 676 Si
733 647 832 676 vero
872 629 1042 677 Neniae
1081 648 1226 678 omnes
1266 633 1335 678 ad¹
1357 649 1449 678 mo-

100 708 200 769 dum
244 707 415 753 illorum
459 704 796 765 fragmentorum
843 705 1104 767 com-positae
1152 718 1294 763 erant,
1343 723 1451 769 quae

98 778 359 828 Niebuhrius
390 779 435 823 in
466 778 583 823 Hist.
614 777 745 823 Rom.
767 778 802 823 I.
834 796 877 841 p.
899 779 999 824 265.
1045 779 1279 843 descripsit,
1311 798 1333 824 e
1356 778 1447 826 Ne-

96 857 177 902 niis
218 856 441 918 desumpta
485 871 580 900 esse
623 871 827 911 censens,
876 854 980 899 satis
1023 853 1215 918 profecto
1257 853 1449 918 pedestre

96 929 176 975 hoc
200 942 336 991 'genus
357 929 502 992 poesis
533 929 667 975 fuisse
699 929 871 975 videtur.
1033 921 1037 923 ‚

213 1004 371 1051 Utrum
415 1005 542 1051 liceat
587 1005 644 1050 ad
686 1004 791 1052 haec
837 1005 997 1051 addere
1038 1006 1198 1068 poesin*
1231 1007 1452 1070 antiquam

97 1079 335 1137 satiricamv,
383 1097 489 1143 quae
534 1091 703 1143 praeter
753 1079 878 1125 ludos
934 1080 1225 1127 Fescenninos
1278 1081 1451 1127 Romae

96 1154 277 1200 exercita
307 1154 373 1210 sit,
403 1172 550 1211 necne,
582 1171 670 1199 non
701 1154 845 1216 liquet,
879 1172 1006 1218 quum
1038 1156 1120 1202 loci
1141 1157 1310 1211 (Horat.
1332 1155 1449 1218 Epp.

96 1229 151 1274 Π.
180 1247 215 1285 1,
241 1238 336 1283 147.
369 1227 465 1273 Liv.
487 1228 593 1274 VIL
615 1237 672 1283 2.)
712 1230 863 1292 quibus
905 1231 1130 1293 praecipue
1163 1230 1252 1275 eius
1290 1230 1452 1275 mentio

96 1303 156 1361 fit,
186 1321 277 1349 rem
306 1303 367 1349 ita
395 1315 653 1367 proponant,
695 1315 741 1348 ut
772 1304 1074 1348 sententiarum
1115 1321 1245 1349 nexus
1288 1305 1450 1360 doceat,

97 1379 150 1423 de
194 1379 361 1424 scenica
390 1377 512 1441 poesi
550 1395 789 1424 sermonem
820 1395 927 1424 esse.
989 1379 1060 1423 Ad
1097 1379 1277 1424 eandem
1315 1390 1455 1424 autem

98 1463 288 1516 spectare
334 1469 422 1498 non
474 1452 637 1498 videtur
683 1452 770 1498 lex·
796 1453 1007 1515 quaedam
1057 1453 1143 1498 XII
1188 1452 1454 1499 tabularum:

98 1538 140 1573 51
188 1537 272 1583 QUI
316 1536 489 1572 mrum
538 1535 852 1584 occENTAsrr‚
902 1537 1161 1573 CARMENVE
1210 1536 1450 1583 consm

100 1611 238 1658 QUOD
270 1612 510 1647 INFAMIAM
539 1611 682 1647 FAXIT
712 1600 1041 1648 FLAGITIUMVE
1079 1611 1259 1658 ALTERI,
1298 1612 1328 1646 F
1332 1612 1455 1651 USTE

99 1686 338 1732 FERITOD3
370 1676 637 1739 Augustinus
670 1676 738 1731 (C.
758 1677 818 1722 D.
840 1677 894 1723 II.
918 1686 973 1731 9.)
1008 1676 1119 1721 hanc
1147 1675 1454 1739 legemserva-

98 1752 160 1797 vit
190 1769 240 1796 ex
271 1750 384 1796 libro
400 1750 484 1797 IV.
526 1751 577 1796 de
608 1749 792 1814 Republ.
835 1751 1053 1797 Ciceronis
1085 1752 1371 1814 descriptam?
1408 1762 1464 1807 et,

100 1827 280 1873 eandem
322 1826 495 1890 respicit
542 1826 692 1873 Cicero
741 1827 785 1872 in
839 1827 972 1873 Tusc.
1014 1826 1194 1886 Quaest.
1225 1826 1308 1872 IV.
1337 1836 1377 1883 2,
1400 1837 1452 1877 ιω

99 1901 406 1964 „Quamquam
442 1901 489 1947 id
530 1901 658 1946 etiam
700 1901 789 1949 XII
833 1901 1001 1946 tabulae
1043 1900 1279 1957 declarant,
1324 1899 1451 1946 condi

99 1976 185 2022 iam
225 1987 315 2022 tum
358 1976 528 2022 solitum
569 1994 661 2023 esse
704 1994 897 2023 carmen}
934 1977 1048 2039 quod
1083 1995 1139 2023 ne
1176 1976 1321 2022 liceret
1362 1976 1452 2021 fieri

101 2051 159 2096 ad
189 2051 357 2098 alterius
386 2052 594 2110 iniuriam,
637 2051 729 2115 lege
762 2055 1026 2098 sanxerunt.”
1088 2052 1293 2098 Horatius
1334 2050 1452 2096 deni-

103 2142 203 2187 que,
247 2127 319 2188 qui
353 2128 399 2174 in
437 2128 574 2174 Serm.
614 2127 687 2175 lib.
708 2127 763 2173 II.
790 2139 826 2184 1,
850 2134 919 2172 50.
960 2127 1098 2189 legem
1138 2138 1356 2181 memorat,
1394 2126 1449 2170 ad

101 2211 303 2262 poemata
332 2202 500 2248 satirica
530 2220 626 2248 eam
654 2202 812 2248 referre
842 2199 1028 2256 videtum
1060 2213 1103 2247 at
1132 2218 1210 2264 pro
1242 2212 1354 2247 certo
1386 2211 1452 2244 ta-

101 2290 201 2318 men
229 2290 317 2318 non
348 2278 578 2335 statuedm,
615 2277 701 2322 alia
732 2277 1055 2340 quampscenica
1093 2275 1280 2322 carmina
1314 2273 1446 2318 male-

104 2348 200 2394 dica
238 2348 416 2411 antiquo>
448 2363 638 2416 tempore
683 2353 920 2416 composita-
957 2370 1065 2397 esse.
1124 2351 1303 2396 Praeter
1342 2348 1453 2393 haee—

102 2423 220 2469 nulla
264 2424 407 2487 poesis
455 2429 572 2490 apud
615 2428 782 2492 priscos
827 2426 1050 2472 Romanos
1095 2425 1252 2470 indicia
1295 2422 1447 2486 reperi,

102 2499 189 2544 nisi
217 2497 326 2545 forte
356 2510 398 2545 et
426 2499 509 2547 hoc
540 2503 819 2549 adiiciendum
850 2514 927 2558 est,
968 2520 1018 2546 ex
1047 2501 1262 2562 frequente
1300 2498 1451 2543 fidium

105 2581 147 2616 et
189 2573 389 2620 tibiarum
431 2591 514 2620 usu
568 2576 713 2641 colligi
756 2593 906 2644 posse,
947 2574 1194 2623 bellicosum
1246 2571 1455 2640 populum
