<?xml version="1.0" encoding="UTF-8"?>
<!DOCTYPE html PUBLIC "-//W3C//DTD XHTML 1.0 Transitional//EN"
    "http://www.w3.org/TR/xhtml1/DTD/xhtml1-transitional.dtd">
<html xmlns="http://www.w3.org/1999/xhtml" xml:lang="en" lang="en">
 <head>
  <title>
</title>
<meta http-equiv="Content-Type" content="text/html;charset=utf-8" />
  <meta name='ocr-system' content='tesseract 3.04.00' />
  <meta name='ocr-capabilities' content='ocr_page ocr_carea ocr_par ocr_line ocrx_word'/>
</head>
<body>
  <div class='ocr_page' id='page_1' title='image "4737173_0044.png"; bbox 0 0 1730 3015; ppageno 0'>
   <div class='ocr_carea' id='block_1_1' title="bbox 830 130 913 192">
    <p class='ocr_par' dir='ltr' id='par_1_1' title="bbox 830 130 913 192">
     <span class='ocr_line' id='line_1_1' title="bbox 830 130 913 192; baseline 0 0"><span class='ocrx_word' id='word_1_1' title='bbox 830 130 913 192; x_wconf 88' lang='grc'><strong>30</strong></span> 
     </span>
    </p>
   </div>
   <div class='ocr_carea' id='block_1_2' title="bbox 168 282 1550 2652">
    <p class='ocr_par' dir='ltr' id='par_1_2' title="bbox 168 282 1550 2505">
     <span class='ocr_line' id='line_1_2' title="bbox 191 282 1549 347; baseline -0.001 -18"><span class='ocrx_word' id='word_1_2' title='bbox 191 284 366 329; x_wconf 76' lang='lat' dir='ltr'><strong>rantes?</strong></span> <span class='ocrx_word' id='word_1_3' title='bbox 412 300 497 347; x_wconf 87' lang='lat' dir='ltr'><strong>quo</strong></span> <span class='ocrx_word' id='word_1_4' title='bbox 538 292 624 327; x_wconf 89' lang='lat' dir='ltr'><strong>non</strong></span> <span class='ocrx_word' id='word_1_5' title='bbox 641 282 794 328; x_wconf 75' lang='lat' dir='ltr'><strong>..modo</strong></span> <span class='ocrx_word' id='word_1_6' title='bbox 819 282 1083 346; x_wconf 31' lang='lat' dir='ltr'><strong>*improbitas</strong></span> <span class='ocrx_word' id='word_1_7' title='bbox 1115 283 1193 329; x_wconf 84' lang='lat' dir='ltr'><strong>sed</strong></span> <span class='ocrx_word' id='word_1_8' title='bbox 1221 299 1277 328; x_wconf 88' lang='lat' dir='ltr'><strong>ne</strong></span> <span class='ocrx_word' id='word_1_9' title='bbox 1303 282 1549 345; x_wconf 84' lang='lat' dir='ltr'><strong>impruden-</strong></span> 
     </span>
     <span class='ocr_line' id='line_1_3' title="bbox 191 355 1549 422; baseline -0.002 -17"><span class='ocrx_word' id='word_1_10' title='bbox 191 359 253 414; x_wconf 80' lang='lat' dir='ltr'><strong>tia</strong></span> <span class='ocrx_word' id='word_1_11' title='bbox 296 359 467 421; x_wconf 85' lang='lat' dir='ltr'><strong>quidem</strong></span> <span class='ocrx_word' id='word_1_12' title='bbox 506 357 643 419; x_wconf 83' lang='lat' dir='ltr'><strong>possit</strong></span> <span class='ocrx_word' id='word_1_13' title='bbox 667 356 876 404; x_wconf 62' lang='lat' dir='ltr'><strong>intrare?</strong></span> <span class='ocrx_word' id='word_1_14' title='bbox 924 357 1043 419; x_wconf 89' lang='lat' dir='ltr'><strong>quod</strong></span> <span class='ocrx_word' id='word_1_15' title='bbox 1086 357 1255 422; x_wconf 49' lang='lat' dir='ltr'><strong>quiden}</strong></span> <span class='ocrx_word' id='word_1_16' title='bbox 1300 355 1549 403; x_wconf 83' lang='lat' dir='ltr'><strong>sacrificium</strong></span> 
     </span>
     <span class='ocr_line' id='line_1_4' title="bbox 191 429 1550 493; baseline -0.002 -14"><span class='ocrx_word' id='word_1_17' title='bbox 191 450 319 480; x_wconf 92' lang='lat' dir='ltr'><strong>nemo</strong></span> <span class='ocrx_word' id='word_1_18' title='bbox 357 432 437 478; x_wconf 91' lang='lat' dir='ltr'><strong>nisi</strong></span> <span class='ocrx_word' id='word_1_19' title='bbox 473 429 529 476; x_wconf 90' lang='lat' dir='ltr'><strong>P.</strong></span> <span class='ocrx_word' id='word_1_20' title='bbox 561 429 742 478; x_wconf 83' lang='lat' dir='ltr'>Clodius</span> <span class='ocrx_word' id='word_1_21' title='bbox 782 431 901 477; x_wconf 90' lang='lat' dir='ltr'><strong>omni</strong></span> <span class='ocrx_word' id='word_1_22' title='bbox 939 432 1147 493; x_wconf 82' lang='lat' dir='ltr'><strong>memoria</strong></span> <span class='ocrx_word' id='word_1_23' title='bbox 1183 430 1359 479; x_wconf 88' lang='lat' dir='ltr'><strong>violavit</strong></span> <span class='ocrx_word' id='word_1_24' title='bbox 1367 462 1381 488; x_wconf 94' lang='lat'><strong>,-</strong></span> <span class='ocrx_word' id='word_1_25' title='bbox 1407 447 1550 476; x_wconf 87' lang='lat' dir='ltr'><strong>nemo</strong></span> 
     </span>
     <span class='ocr_line' id='line_1_5' title="bbox 191 506 1550 570; baseline -0.001 -17"><span class='ocrx_word' id='word_1_26' title='bbox 191 524 378 569; x_wconf 84' lang='lat' dir='ltr'><strong>unquam</strong></span> <span class='ocrx_word' id='word_1_27' title='bbox 409 506 527 561; x_wconf 84' lang='lat' dir='ltr'><strong>adiit,</strong></span> <span class='ocrx_word' id='word_1_28' title='bbox 568 523 695 551; x_wconf 90' lang='lat' dir='ltr'><strong>nemo</strong></span> <span class='ocrx_word' id='word_1_29' title='bbox 725 506 922 568; x_wconf 83' lang='lat' dir='ltr'><strong>neglexit,</strong></span> <span class='ocrx_word' id='word_1_30' title='bbox 961 524 1089 554; x_wconf 89' lang='lat' dir='ltr'><strong>nemo</strong></span> <span class='ocrx_word' id='word_1_31' title='bbox 1115 508 1183 566; x_wconf 80' lang='lat' dir='ltr'><strong>vir</strong></span> <span class='ocrx_word' id='word_1_32' title='bbox 1213 506 1432 570; x_wconf 81' lang='lat' dir='ltr'><strong>adspicere</strong></span> <span class='ocrx_word' id='word_1_33' title='bbox 1461 521 1550 552; x_wconf 90' lang='lat' dir='ltr'><strong>non</strong></span> 
     </span>
     <span class='ocr_line' id='line_1_6' title="bbox 189 576 1548 645; baseline -0.001 -17"><span class='ocrx_word' id='word_1_34' title='bbox 189 581 372 628; x_wconf 87' lang='lat' dir='ltr'><strong>horruit:</strong></span> <span class='ocrx_word' id='word_1_35' title='bbox 415 580 532 643; x_wconf 85' lang='lat' dir='ltr'><strong>quod</strong></span> <span class='ocrx_word' id='word_1_36' title='bbox 562 579 610 627; x_wconf 83' lang='lat' dir='ltr'><strong>fit</strong></span> <span class='ocrx_word' id='word_1_37' title='bbox 638 598 716 645; x_wconf 86' lang='lat' dir='ltr'><strong>per</strong></span> <span class='ocrx_word' id='word_1_38' title='bbox 759 581 945 644; x_wconf 74' lang='lat' dir='ltr'><strong>virgines</strong></span> <span class='ocrx_word' id='word_1_39' title='bbox 985 576 1212 638; x_wconf 55' lang='lat' dir='ltr'><strong>vestales,</strong></span> <span class='ocrx_word' id='word_1_40' title='bbox 1253 581 1300 627; x_wconf 88' lang='lat' dir='ltr'><strong>fit</strong></span> <span class='ocrx_word' id='word_1_41' title='bbox 1349 597 1428 643; x_wconf 87' lang='lat' dir='ltr'><strong>pro</strong></span> <span class='ocrx_word' id='word_1_42' title='bbox 1471 597 1548 643; x_wconf 92' lang='lat' dir='ltr'><strong>po-</strong></span> 
     </span>
     <span class='ocr_line' id='line_1_7' title="bbox 187 655 1549 721; baseline -0.001 -20"><span class='ocrx_word' id='word_1_43' title='bbox 187 655 289 719; x_wconf 88' lang='lat' dir='ltr'><strong>pulo</strong></span> <span class='ocrx_word' id='word_1_44' title='bbox 320 655 539 712; x_wconf 88' lang='lat' dir='ltr'><strong>Romano,</strong></span> <span class='ocrx_word' id='word_1_45' title='bbox 579 656 626 701; x_wconf 85' lang='lat' dir='ltr'><strong>fit</strong></span> <span class='ocrx_word' id='word_1_46' title='bbox 667 656 712 701; x_wconf 89' lang='lat' dir='ltr'><strong>in</strong></span> <span class='ocrx_word' id='word_1_47' title='bbox 742 672 794 702; x_wconf 81' lang='lat' dir='ltr'><strong>ea</strong></span> <span class='ocrx_word' id='word_1_48' title='bbox 833 657 977 714; x_wconf 86' lang='lat' dir='ltr'><strong>domo,</strong></span> <span class='ocrx_word' id='word_1_49' title='bbox 1020 674 1127 721; x_wconf 88' lang='lat' dir='ltr'><strong>quae</strong></span> <span class='ocrx_word' id='word_1_50' title='bbox 1165 669 1228 704; x_wconf 89' lang='lat' dir='ltr'><strong>est</strong></span> <span class='ocrx_word' id='word_1_51' title='bbox 1267 656 1312 702; x_wconf 91' lang='lat' dir='ltr'><strong>in</strong></span> <span class='ocrx_word' id='word_1_52' title='bbox 1353 655 1549 719; x_wconf 75' lang='lat' dir='ltr'><strong>imperio,</strong></span> 
     </span>
     <span class='ocr_line' id='line_1_8' title="bbox 187 722 1548 794; baseline -0.001 -17"><span class='ocrx_word' id='word_1_53' title='bbox 187 732 235 777; x_wconf 86' lang='lat' dir='ltr'><strong>fit</strong></span> <span class='ocrx_word' id='word_1_54' title='bbox 254 730 494 778; x_wconf 85' lang='lat' dir='ltr'><strong>incredibili</strong></span> <span class='ocrx_word' id='word_1_55' title='bbox 515 732 786 788; x_wconf 85' lang='lat' dir='ltr'><strong>caerimonia,</strong></span> <span class='ocrx_word' id='word_1_56' title='bbox 807 732 853 779; x_wconf 87' lang='lat' dir='ltr'><strong>fit</strong></span> <span class='ocrx_word' id='word_1_57' title='bbox 873 733 912 781; x_wconf 89' lang='lat' dir='ltr'><strong>ei</strong></span> <span class='ocrx_word' id='word_1_58' title='bbox 932 722 1046 784; x_wconf 62' lang='lat' dir='ltr'><strong>deae</strong></span> <span class='ocrx_word' id='word_1_59' title='bbox 1059 733 1175 780; x_wconf 90' lang='lat' dir='ltr'><strong>cuius</strong></span> <span class='ocrx_word' id='word_1_60' title='bbox 1206 750 1259 779; x_wconf 90' lang='lat' dir='ltr'><strong>ne</strong></span> <span class='ocrx_word' id='word_1_61' title='bbox 1279 749 1436 778; x_wconf 88' lang='lat' dir='ltr'><strong>nomen</strong></span> <span class='ocrx_word' id='word_1_62' title='bbox 1456 731 1548 794; x_wconf 88' lang='lat' dir='ltr'><strong>qui-</strong></span> 
     </span>
     <span class='ocr_line' id='line_1_9' title="bbox 189 804 1548 867; baseline -0.001 -16"><span class='ocrx_word' id='word_1_63' title='bbox 189 806 288 853; x_wconf 88' lang='lat' dir='ltr'><strong>dem</strong></span> <span class='ocrx_word' id='word_1_64' title='bbox 318 806 434 852; x_wconf 89' lang='lat' dir='ltr'><strong>viros</strong></span> <span class='ocrx_word' id='word_1_65' title='bbox 466 806 573 851; x_wconf 91' lang='lat' dir='ltr'><strong>scire</strong></span> <span class='ocrx_word' id='word_1_66' title='bbox 604 804 672 851; x_wconf 86' lang='lat' dir='ltr'><strong>sas</strong></span> <span class='ocrx_word' id='word_1_67' title='bbox 697 808 798 852; x_wconf 89' lang='lat' dir='ltr'><strong>est.”</strong></span> <span class='ocrx_word' id='word_1_68' title='bbox 861 806 951 852; x_wconf 79' lang='lat' dir='ltr'><strong>cfr.</strong></span> <span class='ocrx_word' id='word_1_69' title='bbox 982 816 1053 863; x_wconf 77' lang='lat'><strong>27,</strong></span> <span class='ocrx_word' id='word_1_70' title='bbox 1082 813 1152 861; x_wconf 70' lang='lat'><strong>527.</strong></span> <span class='ocrx_word' id='word_1_71' title='bbox 1215 805 1307 867; x_wconf 86' lang='lat' dir='ltr'><strong>Qui</strong></span> <span class='ocrx_word' id='word_1_72' title='bbox 1335 821 1445 852; x_wconf 86' lang='lat' dir='ltr'><strong>vero·</strong></span> <span class='ocrx_word' id='word_1_73' title='bbox 1474 823 1548 851; x_wconf 90' lang='lat' dir='ltr'><strong>au-</strong></span> 
     </span>
     <span class='ocr_line' id='line_1_10' title="bbox 184 880 1547 944; baseline 0 -18"><span class='ocrx_word' id='word_1_74' title='bbox 184 880 424 927; x_wconf 87' lang='lat' dir='ltr'><strong>ctoritatem</strong></span> <span class='ocrx_word' id='word_1_75' title='bbox 454 880 723 926; x_wconf 85' lang='lat' dir='ltr'><strong>laudatarum</strong></span> <span class='ocrx_word' id='word_1_76' title='bbox 754 881 1015 937; x_wconf 82' lang='lat' dir='ltr'><strong>orationum,</strong></span> <span class='ocrx_word' id='word_1_77' title='bbox 1053 892 1197 943; x_wconf 85' lang='lat' dir='ltr'><strong>utpote</strong></span> <span class='ocrx_word' id='word_1_78' title='bbox 1241 897 1348 943; x_wconf 84' lang='lat' dir='ltr'><strong>quae</strong></span> <span class='ocrx_word' id='word_1_79' title='bbox 1388 897 1547 944; x_wconf 89' lang='lat' dir='ltr'><strong>suppo-</strong></span> 
     </span>
     <span class='ocr_line' id='line_1_11' title="bbox 186 954 1550 1019; baseline 0.001 -20"><span class='ocrx_word' id='word_1_80' title='bbox 186 956 342 1000; x_wconf 85' lang='lat' dir='ltr'><strong>sititiae</strong></span> <span class='ocrx_word' id='word_1_81' title='bbox 382 955 490 1009; x_wconf 83' lang='lat' dir='ltr'><strong>sint,</strong></span> <span class='ocrx_word' id='word_1_82' title='bbox 532 965 689 998; x_wconf 91' lang='lat' dir='ltr'><strong>temere</strong></span> <span class='ocrx_word' id='word_1_83' title='bbox 727 954 910 1019; x_wconf 65' lang='lat' dir='ltr'><strong>spernit,</strong></span> <span class='ocrx_word' id='word_1_84' title='bbox 960 954 1101 999; x_wconf 85' lang='lat' dir='ltr'><strong>videat</strong></span> <span class='ocrx_word' id='word_1_85' title='bbox 1132 954 1223 999; x_wconf 87' lang='lat' dir='ltr'><strong>Cic.</strong></span> <span class='ocrx_word' id='word_1_86' title='bbox 1260 970 1340 1016; x_wconf 89' lang='lat' dir='ltr'><strong>pro</strong></span> <span class='ocrx_word' id='word_1_87' title='bbox 1380 954 1550 1001; x_wconf 85' lang='lat' dir='ltr'><strong>Milone</strong></span> 
     </span>
     <span class='ocr_line' id='line_1_12' title="bbox 183 1027 1544 1090; baseline -0.001 -16"><span class='ocrx_word' id='word_1_88' title='bbox 183 1040 255 1085; x_wconf 79' lang='lat'><strong>27,</strong></span> <span class='ocrx_word' id='word_1_89' title='bbox 276 1038 347 1084; x_wconf 77' lang='lat'><strong>72,</strong></span> <span class='ocrx_word' id='word_1_90' title='bbox 380 1040 422 1072; x_wconf 88' lang='lat' dir='ltr'><strong>et</strong></span> <span class='ocrx_word' id='word_1_91' title='bbox 453 1040 523 1084; x_wconf 82' lang='lat'><strong>31,</strong></span> <span class='ocrx_word' id='word_1_92' title='bbox 557 1029 635 1084; x_wconf 61' lang='lat'><strong>86,</strong></span> <span class='ocrx_word' id='word_1_93' title='bbox 670 1028 725 1073; x_wconf 90' lang='lat' dir='ltr'><strong>ad</strong></span> <span class='ocrx_word' id='word_1_94' title='bbox 755 1028 937 1072; x_wconf 79' lang='lat' dir='ltr'><strong>Brutum</strong></span> <span class='ocrx_word' id='word_1_95' title='bbox 978 1028 1063 1090; x_wconf 86' lang='lat' dir='ltr'><strong>Ep.</strong></span> <span class='ocrx_word' id='word_1_96' title='bbox 1087 1027 1148 1074; x_wconf 84' lang='lat' dir='ltr'><strong>V.</strong></span> <span class='ocrx_word' id='word_1_97' title='bbox 1182 1034 1254 1072; x_wconf 90' lang='lat'><strong>21.</strong></span> <span class='ocrx_word' id='word_1_98' title='bbox 1291 1027 1371 1073; x_wconf 84' lang='lat' dir='ltr'><strong>fin.</strong></span> <span class='ocrx_word' id='word_1_99' title='bbox 1392 1028 1480 1074; x_wconf 86' lang='lat' dir='ltr'><strong>VI.</strong></span> <span class='ocrx_word' id='word_1_100' title='bbox 1507 1040 1544 1074; x_wconf 89' lang='lat'><strong>1.</strong></span> 
     </span>
     <span class='ocr_line' id='line_1_13' title="bbox 182 1098 1545 1165; baseline 0 -18"><span class='ocrx_word' id='word_1_101' title='bbox 182 1098 266 1148; x_wconf 50' lang='lat' dir='ltr'><strong>fin:</strong></span> <span class='ocrx_word' id='word_1_102' title='bbox 288 1113 330 1147; x_wconf 90' lang='lat' dir='ltr'><strong>et</strong></span> <span class='ocrx_word' id='word_1_103' title='bbox 359 1101 465 1147; x_wconf 88' lang='lat' dir='ltr'><strong>XV.</strong></span> <span class='ocrx_word' id='word_1_104' title='bbox 497 1112 575 1156; x_wconf 75' lang='lat'><strong>213</strong></span> <span class='ocrx_word' id='word_1_105' title='bbox 611 1118 718 1165; x_wconf 87' lang='lat' dir='ltr'><strong>quae</strong></span> <span class='ocrx_word' id='word_1_106' title='bbox 757 1101 958 1164; x_wconf 89' lang='lat' dir='ltr'><strong>mysteria</strong></span> <span class='ocrx_word' id='word_1_107' title='bbox 988 1102 1050 1147; x_wconf 89' lang='lat' dir='ltr'><strong>ibi</strong></span> <span class='ocrx_word' id='word_1_108' title='bbox 1087 1101 1290 1147; x_wconf 85' lang='lat' dir='ltr'><strong>Romana</strong></span> <span class='ocrx_word' id='word_1_109' title='bbox 1328 1113 1545 1159; x_wconf 86' lang='lat' dir='ltr'><strong>vocantur,</strong></span> 
     </span>
     <span class='ocr_line' id='line_1_14' title="bbox 184 1177 1543 1239; baseline 0 -16"><span class='ocrx_word' id='word_1_110' title='bbox 184 1189 282 1223; x_wconf 89' lang='lat' dir='ltr'><strong>sunt</strong></span> <span class='ocrx_word' id='word_1_111' title='bbox 320 1178 524 1239; x_wconf 85' lang='lat' dir='ltr'><strong>mysteria</strong></span> <span class='ocrx_word' id='word_1_112' title='bbox 562 1178 714 1222; x_wconf 83' lang='lat' dir='ltr'><strong>Bonae</strong></span> <span class='ocrx_word' id='word_1_113' title='bbox 744 1177 879 1223; x_wconf 84' lang='lat' dir='ltr'><strong>Deae.</strong></span> <span class='ocrx_word' id='word_1_114' title='bbox 914 1177 1003 1222; x_wconf 82' lang='lat' dir='ltr'><strong>Cfr.</strong></span> <span class='ocrx_word' id='word_1_115' title='bbox 1032 1177 1074 1222; x_wconf 85' lang='lat' dir='ltr'><strong>J.</strong></span> <span class='ocrx_word' id='word_1_116' title='bbox 1096 1177 1147 1223; x_wconf 88' lang='lat' dir='ltr'><strong>F.</strong></span> <span class='ocrx_word' id='word_1_117' title='bbox 1171 1178 1366 1222; x_wconf 88' lang='lat' dir='ltr'><strong>Gronov.</strong></span> <span class='ocrx_word' id='word_1_118' title='bbox 1408 1177 1543 1223; x_wconf 86' lang='lat' dir='ltr'><strong>Obss.</strong></span> 
     </span>
     <span class='ocr_line' id='line_1_15' title="bbox 180 1250 1544 1315; baseline 0.001 -18"><span class='ocrx_word' id='word_1_119' title='bbox 180 1251 266 1299; x_wconf 83' lang='lat' dir='ltr'><strong>IV.</strong></span> <span class='ocrx_word' id='word_1_120' title='bbox 288 1262 330 1308; x_wconf 87' lang='lat'><strong>9.</strong></span> <span class='ocrx_word' id='word_1_121' title='bbox 392 1251 625 1297; x_wconf 80' lang='lat' dir='ltr'><strong>Matronas</strong></span> <span class='ocrx_word' id='word_1_122' title='bbox 644 1250 866 1297; x_wconf 85' lang='lat' dir='ltr'><strong>Romanas</strong></span> <span class='ocrx_word' id='word_1_123' title='bbox 886 1251 930 1297; x_wconf 89' lang='lat' dir='ltr'><strong>in</strong></span> <span class='ocrx_word' id='word_1_124' title='bbox 954 1250 1020 1297; x_wconf 85' lang='lat' dir='ltr'><strong>his</strong></span> <span class='ocrx_word' id='word_1_125' title='bbox 1042 1251 1253 1315; x_wconf 85' lang='lat' dir='ltr'><strong>mysteriis</strong></span> <span class='ocrx_word' id='word_1_126' title='bbox 1281 1251 1544 1299; x_wconf 82' lang='lat' dir='ltr'><strong>Graecorum</strong></span> 
     </span>
     <span class='ocr_line' id='line_1_16' title="bbox 183 1326 1545 1388; baseline -0.001 -15"><span class='ocrx_word' id='word_1_127' title='bbox 183 1344 304 1373; x_wconf 88' lang='lat' dir='ltr'><strong>more</strong></span> <span class='ocrx_word' id='word_1_128' title='bbox 344 1326 456 1372; x_wconf 83' lang='lat' dir='ltr'><strong>facta</strong></span> <span class='ocrx_word' id='word_1_129' title='bbox 496 1327 671 1371; x_wconf 91' lang='lat' dir='ltr'><strong>deorum</strong></span> <span class='ocrx_word' id='word_1_130' title='bbox 706 1326 901 1371; x_wconf 86' lang='lat' dir='ltr'><strong>retulisse</strong></span> <span class='ocrx_word' id='word_1_131' title='bbox 942 1344 1077 1388; x_wconf 88' lang='lat' dir='ltr'><strong>paene</strong></span> <span class='ocrx_word' id='word_1_132' title='bbox 1120 1328 1300 1371; x_wconf 82' lang='lat' dir='ltr'><strong>certiora</strong></span> <span class='ocrx_word' id='word_1_133' title='bbox 1342 1344 1470 1388; x_wconf 91' lang='lat' dir='ltr'><strong>quam</strong></span> <span class='ocrx_word' id='word_1_134' title='bbox 1499 1327 1545 1371; x_wconf 87' lang='lat' dir='ltr'><strong>in</strong></span> 
     </span>
     <span class='ocr_line' id='line_1_17' title="bbox 182 1399 1543 1461; baseline 0 -14"><span class='ocrx_word' id='word_1_135' title='bbox 182 1400 333 1447; x_wconf 88' lang='lat' dir='ltr'><strong>ceteris</strong></span> <span class='ocrx_word' id='word_1_136' title='bbox 374 1410 473 1445; x_wconf 83' lang='lat' dir='ltr'><strong>sunt</strong></span> <span class='ocrx_word' id='word_1_137' title='bbox 512 1400 683 1446; x_wconf 84' lang='lat' dir='ltr'><strong>indicia.</strong></span> <span class='ocrx_word' id='word_1_138' title='bbox 746 1399 1047 1461; x_wconf 86' lang='lat' dir='ltr'><strong>Cognitionem</strong></span> <span class='ocrx_word' id='word_1_139' title='bbox 1089 1417 1325 1457; x_wconf 87' lang='lat' dir='ltr'><strong>sacrorum,</strong></span> <span class='ocrx_word' id='word_1_140' title='bbox 1369 1412 1413 1447; x_wconf 91' lang='lat' dir='ltr'><strong>ut</strong></span> <span class='ocrx_word' id='word_1_141' title='bbox 1448 1400 1543 1447; x_wconf 90' lang='lat' dir='ltr'><strong>Ro-</strong></span> 
     </span>
     <span class='ocr_line' id='line_1_18' title="bbox 179 1470 1542 1537; baseline 0 -16"><span class='ocrx_word' id='word_1_142' title='bbox 179 1493 277 1521; x_wconf 90' lang='lat' dir='ltr'><strong>mae</strong></span> <span class='ocrx_word' id='word_1_143' title='bbox 296 1470 349 1519; x_wconf 86' lang='lat' dir='ltr'><strong>ea</strong></span> <span class='ocrx_word' id='word_1_144' title='bbox 372 1475 911 1530; x_wconf 62' lang='lat' dir='ltr'><strong>instituerenturdebemus</strong></span> <span class='ocrx_word' id='word_1_145' title='bbox 928 1473 1175 1530; x_wconf 85' lang='lat' dir='ltr'><strong>Plutarcho,</strong></span> <span class='ocrx_word' id='word_1_146' title='bbox 1197 1475 1266 1537; x_wconf 88' lang='lat' dir='ltr'><strong>qui</strong></span> <span class='ocrx_word' id='word_1_147' title='bbox 1286 1476 1331 1520; x_wconf 90' lang='lat' dir='ltr'><strong>in</strong></span> <span class='ocrx_word' id='word_1_148' title='bbox 1353 1475 1542 1521; x_wconf 85' lang='lat' dir='ltr'><strong>Caesare</strong></span> 
     </span>
     <span class='ocr_line' id='line_1_19' title="bbox 179 1542 1540 1613; baseline -0.001 -16"><span class='ocrx_word' id='word_1_149' title='bbox 179 1569 213 1597; x_wconf 89' lang='lat' dir='ltr'><strong>c.</strong></span> <span class='ocrx_word' id='word_1_150' title='bbox 246 1559 288 1605; x_wconf 90' lang='lat'><strong>9.</strong></span> <span class='ocrx_word' id='word_1_151' title='bbox 320 1548 476 1595; x_wconf 85' lang='lat' dir='ltr'><strong>cultum</strong></span> <span class='ocrx_word' id='word_1_152' title='bbox 507 1542 661 1594; x_wconf 82' lang='lat' dir='ltr'><strong>Bonae‘</strong></span> <span class='ocrx_word' id='word_1_153' title='bbox 701 1549 819 1604; x_wconf 71' lang='lat' dir='ltr'><strong>deae,</strong></span> <span class='ocrx_word' id='word_1_154' title='bbox 863 1548 1000 1611; x_wconf 86' lang='lat' dir='ltr'><strong>qualis</strong></span> <span class='ocrx_word' id='word_1_155' title='bbox 1031 1548 1076 1594; x_wconf 88' lang='lat' dir='ltr'><strong>in</strong></span> <span class='ocrx_word' id='word_1_156' title='bbox 1105 1548 1297 1613; x_wconf 85' lang='lat' dir='ltr'><strong>Phrygia</strong></span> <span class='ocrx_word' id='word_1_157' title='bbox 1328 1560 1369 1595; x_wconf 93' lang='lat' dir='ltr'><strong>et</strong></span> <span class='ocrx_word' id='word_1_158' title='bbox 1402 1549 1540 1601; x_wconf 80' lang='lat' dir='ltr'><strong>Grae-</strong></span> 
     </span>
     <span class='ocr_line' id='line_1_20' title="bbox 181 1622 1541 1687; baseline -0.001 -16"><span class='ocrx_word' id='word_1_159' title='bbox 181 1626 246 1672; x_wconf 88' lang='lat' dir='ltr'><strong>cia</strong></span> <span class='ocrx_word' id='word_1_160' title='bbox 278 1636 382 1678; x_wconf 88' lang='lat' dir='ltr'><strong>erat‚</strong></span> <span class='ocrx_word' id='word_1_161' title='bbox 415 1634 634 1684; x_wconf 84' lang='lat' dir='ltr'><strong>comparat</strong></span> <span class='ocrx_word' id='word_1_162' title='bbox 664 1642 760 1673; x_wconf 74' lang='lat' dir='ltr'><strong>curn</strong></span> <span class='ocrx_word' id='word_1_163' title='bbox 781 1622 983 1668; x_wconf 88' lang='lat' dir='ltr'><strong>Romana</strong></span> <span class='ocrx_word' id='word_1_164' title='bbox 1014 1623 1232 1685; x_wconf 87' lang='lat' dir='ltr'><strong>religione,</strong></span> <span class='ocrx_word' id='word_1_165' title='bbox 1264 1625 1414 1670; x_wconf 89' lang='lat' dir='ltr'><strong>deinde</strong></span> <span class='ocrx_word' id='word_1_166' title='bbox 1446 1643 1541 1687; x_wconf 90' lang='lat' dir='ltr'><strong>per-</strong></span> 
     </span>
     <span class='ocr_line' id='line_1_21' title="bbox 178 1695 1541 1765; baseline 0.001 -20"><span class='ocrx_word' id='word_1_167' title='bbox 178 1701 259 1763; x_wconf 86' lang='lat' dir='ltr'><strong>git:</strong></span> <span class='ocrx_word' id='word_1_168' title='bbox 291 1698 444 1763; x_wconf 79' lang='grc' dir='ltr'><em>ἄνδρα</em></span> <span class='ocrx_word' id='word_1_169' title='bbox 476 1697 527 1745; x_wconf 73' lang='grc' dir='ltr'><strong>δὲ</strong></span> <span class='ocrx_word' id='word_1_170' title='bbox 548 1702 830 1762; x_wconf 67' lang='grc' dir='ltr'><em>’προσελθεῖν</em></span> <span class='ocrx_word' id='word_1_171' title='bbox 860 1696 920 1745; x_wconf 79' lang='grc' dir='ltr'><strong>ου’</strong></span> <span class='ocrx_word' id='word_1_172' title='bbox 952 1699 1106 1757; x_wconf 72' lang='grc' dir='ltr'><strong>θέμις,</strong></span> <span class='ocrx_word' id='word_1_173' title='bbox 1136 1695 1234 1745; x_wconf 68' lang='grc' dir='ltr'><strong>οὐδ”</strong></span> <span class='ocrx_word' id='word_1_174' title='bbox 1262 1700 1331 1747; x_wconf 80' lang='grc' dir='ltr'><strong>ἐπὶ</strong></span> <span class='ocrx_word' id='word_1_175' title='bbox 1360 1699 1439 1765; x_wconf 82' lang='grc' dir='ltr'><em>τῆς</em></span> <span class='ocrx_word' id='word_1_176' title='bbox 1469 1698 1541 1746; x_wconf 79' lang='grc' dir='ltr'><strong>οἰ-</strong></span> 
     </span>
     <span class='ocr_line' id='line_1_22' title="bbox 178 1770 1540 1835; baseline 0 -15"><span class='ocrx_word' id='word_1_177' title='bbox 178 1779 281 1825; x_wconf 78' lang='grc' dir='ltr'><em>κίας</em></span> <span class='ocrx_word' id='word_1_178' title='bbox 322 1775 564 1834; x_wconf 70' lang='grc' dir='ltr'><em>γενέσθαι,</em></span> <span class='ocrx_word' id='word_1_179' title='bbox 603 1774 696 1819; x_wconf 73' lang='grc' dir='ltr'><em>τῶν</em></span> <span class='ocrx_word' id='word_1_180' title='bbox 732 1772 869 1835; x_wconf 71' lang='grc' dir='ltr'><em>ἱερῶν</em></span> <span class='ocrx_word' id='word_1_181' title='bbox 909 1770 1270 1835; x_wconf 77' lang='grc' dir='ltr'><em>ὀργιαζομένων·</em></span> <span class='ocrx_word' id='word_1_182' title='bbox 1311 1771 1456 1830; x_wconf 66' lang='grc' dir='ltr'><em>αὑταὶ</em></span> <span class='ocrx_word' id='word_1_183' title='bbox 1488 1775 1540 1820; x_wconf 74' lang='grc' dir='ltr'><strong>δὲ</strong></span> 
     </span>
     <span class='ocr_line' id='line_1_23' title="bbox 177 1843 1536 1911; baseline -0.001 -17"><span class='ocrx_word' id='word_1_184' title='bbox 177 1846 286 1895; x_wconf 74' lang='grc' dir='ltr'><em>καθ’</em></span> <span class='ocrx_word' id='word_1_185' title='bbox 318 1843 485 1899; x_wconf 72' lang='grc' dir='ltr'><em>ἑαυτοές</em></span> <span class='ocrx_word' id='word_1_186' title='bbox 514 1851 570 1893; x_wconf 85' lang='grc' dir='ltr'><strong>αἱ</strong></span> <span class='ocrx_word' id='word_1_187' title='bbox 596 1852 808 1907; x_wconf 81' lang='grc' dir='ltr'><em>γυναῖκες</em></span> <span class='ocrx_word' id='word_1_188' title='bbox 837 1844 987 1893; x_wconf 70' lang='grc' dir='ltr'><em>πολλοὶ</em></span> <span class='ocrx_word' id='word_1_189' title='bbox 1020 1852 1118 1898; x_wconf 81' lang='grc' dir='ltr'><em>τοῖς</em></span> <span class='ocrx_word' id='word_1_190' title='bbox 1146 1845 1391 1911; x_wconf 78' lang='grc' dir='ltr'><em>Ὀρφικοῖς</em></span> <span class='ocrx_word' id='word_1_191' title='bbox 1420 1847 1536 1906; x_wconf 81' lang='grc' dir='ltr'><em>ὁμο-</em></span> 
     </span>
     <span class='ocr_line' id='line_1_24' title="bbox 181 1917 1536 1984; baseline 0 -15"><span class='ocrx_word' id='word_1_192' title='bbox 181 1921 409 1982; x_wconf 80' lang='grc' dir='ltr'><em>λογοῦν-ια</em></span> <span class='ocrx_word' id='word_1_193' title='bbox 441 1921 560 1984; x_wconf 76' lang='grc' dir='ltr'><em>δρᾶν</em></span> <span class='ocrx_word' id='word_1_194' title='bbox 590 1922 804 1979; x_wconf 79' lang='grc' dir='ltr'><em>λέγονται</em></span> <span class='ocrx_word' id='word_1_195' title='bbox 843 1921 947 1983; x_wconf 81' lang='grc' dir='ltr'><em>περὶ</em></span> <span class='ocrx_word' id='word_1_196' title='bbox 976 1917 1060 1983; x_wconf 85' lang='grc' dir='ltr'><strong>τήν</strong></span> <span class='ocrx_word' id='word_1_197' title='bbox 1098 1923 1383 1983; x_wconf 77' lang='grc' dir='ltr'><em>ἱερουργίαν·</em></span> <span class='ocrx_word' id='word_1_198' title='bbox 1422 1920 1536 1969; x_wconf 82' lang='grc' dir='ltr'><em>ὅταν</em></span> 
     </span>
     <span class='ocr_line' id='line_1_25' title="bbox 178 1991 1534 2062; baseline -0.001 -20"><span class='ocrx_word' id='word_1_199' title='bbox 178 1993 265 2043; x_wconf 76' lang='grc' dir='ltr'><strong>οὖν</strong></span> <span class='ocrx_word' id='word_1_200' title='bbox 314 1995 341 2041; x_wconf 86' lang='grc' dir='ltr'>ὁ</span> <span class='ocrx_word' id='word_1_201' title='bbox 382 1993 465 2053; x_wconf 81' lang='grc' dir='ltr'><em>τῆς</em></span> <span class='ocrx_word' id='word_1_202' title='bbox 504 1994 663 2057; x_wconf 78' lang='grc' dir='ltr'><em>ἑορτῆς</em></span> <span class='ocrx_word' id='word_1_203' title='bbox 702 1991 888 2055; x_wconf 72' lang='grc' dir='ltr'><em>καθήκῃ</em></span> <span class='ocrx_word' id='word_1_204' title='bbox 929 1991 1121 2055; x_wconf 77' lang='grc' dir='ltr'><strong>χρόνος,</strong></span> <span class='ocrx_word' id='word_1_205' title='bbox 1165 1993 1466 2047; x_wconf 78' lang='grc' dir='ltr'><em>ὑπατεύοντος</em></span> <span class='ocrx_word' id='word_1_206' title='bbox 1505 1996 1534 2062; x_wconf 82' lang='grc' dir='ltr'><strong><em>ἦ</em></strong></span> 
     </span>
     <span class='ocr_line' id='line_1_26' title="bbox 176 2063 1533 2134; baseline 0.002 -19"><span class='ocrx_word' id='word_1_207' title='bbox 176 2069 542 2134; x_wconf 83' lang='grc' dir='ltr'><em>στρατηγοῦντος</em></span> <span class='ocrx_word' id='word_1_208' title='bbox 580 2064 751 2130; x_wconf 73' lang='grc' dir='ltr'><em>ἀνδρός</em></span> <span class='ocrx_word' id='word_1_209' title='bbox 781 2063 919 2119; x_wconf 77' lang='grc' dir='ltr'><em>αὐιὸς</em></span> <span class='ocrx_word' id='word_1_210' title='bbox 946 2066 1035 2127; x_wconf 74' lang='grc' dir='ltr'><strong>μέν</strong></span> <span class='ocrx_word' id='word_1_211' title='bbox 1064 2070 1291 2124; x_wconf 73' lang='grc' dir='ltr'><em>ἐξίσταται</em></span> <span class='ocrx_word' id='word_1_212' title='bbox 1328 2071 1405 2116; x_wconf 83' lang='grc' dir='ltr'><strong>καὶ</strong></span> <span class='ocrx_word' id='word_1_213' title='bbox 1439 2071 1533 2118; x_wconf 76' lang='grc' dir='ltr'><strong>πᾶν</strong></span> 
     </span>
     <span class='ocr_line' id='line_1_27' title="bbox 173 2138 1531 2207; baseline 0 -14"><span class='ocrx_word' id='word_1_214' title='bbox 173 2142 228 2193; x_wconf 72' lang='grc' dir='ltr'><em>τὸ</em></span> <span class='ocrx_word' id='word_1_215' title='bbox 259 2143 436 2207; x_wconf 59' lang='grc' dir='ltr'><em>ἄρρεν’</em></span> <span class='ocrx_word' id='word_1_216' title='bbox 474 2141 503 2206; x_wconf 84' lang='grc' dir='ltr'><em>ἦ</em></span> <span class='ocrx_word' id='word_1_217' title='bbox 535 2140 587 2189; x_wconf 74' lang='grc' dir='ltr'><em>δέ</em></span> <span class='ocrx_word' id='word_1_218' title='bbox 609 2138 726 2206; x_wconf 70' lang='grc' dir='ltr'><em>γυνή</em></span> <span class='ocrx_word' id='word_1_219' title='bbox 754 2138 835 2189; x_wconf 83' lang='grc' dir='ltr'><strong>τόν</strong></span> <span class='ocrx_word' id='word_1_220' title='bbox 867 2139 1019 2189; x_wconf 82' lang='grc' dir='ltr'><em>οἰκίαν</em></span> <span class='ocrx_word' id='word_1_221' title='bbox 1048 2143 1388 2205; x_wconf 76' lang='grc' dir='ltr'><em>παραλαβοῦσα</em></span> <span class='ocrx_word' id='word_1_222' title='bbox 1426 2150 1531 2193; x_wconf 80' lang='grc' dir='ltr'><em>δια-</em></span> 
     </span>
     <span class='ocr_line' id='line_1_28' title="bbox 170 2213 1530 2279; baseline 0 -11"><span class='ocrx_word' id='word_1_223' title='bbox 170 2225 343 2279; x_wconf 79' lang='grc' dir='ltr'><strong>κοσμεῖ,</strong></span> <span class='ocrx_word' id='word_1_224' title='bbox 372 2219 450 2265; x_wconf 79' lang='grc' dir='ltr'><strong>καὶ</strong></span> <span class='ocrx_word' id='word_1_225' title='bbox 479 2213 539 2265; x_wconf 70' lang='lat' dir='ltr'><strong>w?</strong></span> <span class='ocrx_word' id='word_1_226' title='bbox 567 2218 757 2276; x_wconf 78' lang='grc' dir='ltr'><em>μέγιστα</em></span> <span class='ocrx_word' id='word_1_227' title='bbox 777 2214 952 2279; x_wconf 82' lang='grc' dir='ltr'><em>νύκτωρ</em></span> <span class='ocrx_word' id='word_1_228' title='bbox 972 2221 1178 2269; x_wconf 78' lang='grc' dir='ltr'><em>τελεῖται,</em></span> <span class='ocrx_word' id='word_1_229' title='bbox 1208 2220 1394 2272; x_wconf 77' lang='grc' dir='ltr'><em>παιδιᾶς</em></span> <span class='ocrx_word' id='word_1_230' title='bbox 1413 2218 1530 2267; x_wconf 78' lang='grc' dir='ltr'><em>ἀνα-</em></span> 
     </span>
     <span class='ocr_line' id='line_1_29' title="bbox 168 2292 1530 2358; baseline 0 -16"><span class='ocrx_word' id='word_1_231' title='bbox 168 2294 452 2358; x_wconf 72' lang='grc' dir='ltr'><em>μεμιγμένης</em></span> <span class='ocrx_word' id='word_1_232' title='bbox 481 2297 583 2347; x_wconf 74' lang='grc' dir='ltr'><em>ταῖς</em></span> <span class='ocrx_word' id='word_1_233' title='bbox 612 2293 869 2351; x_wconf 83' lang='grc' dir='ltr'><em>παννυχίσι,</em></span> <span class='ocrx_word' id='word_1_234' title='bbox 911 2292 991 2338; x_wconf 78' lang='grc' dir='ltr'><strong>καὶ</strong></span> <span class='ocrx_word' id='word_1_235' title='bbox 1029 2292 1248 2354; x_wconf 82' lang='grc' dir='ltr'><em>μουσικῆς</em></span> <span class='ocrx_word' id='word_1_236' title='bbox 1278 2293 1378 2352; x_wconf 83' lang='grc' dir='ltr'><strong>ἅμα</strong></span> <span class='ocrx_word' id='word_1_237' title='bbox 1416 2300 1530 2342; x_wconf 81' lang='grc' dir='ltr'><em>πολ-</em></span> 
     </span>
     <span class='ocr_line' id='line_1_30' title="bbox 171 2364 1528 2434; baseline -0.001 -20"><span class='ocrx_word' id='word_1_238' title='bbox 171 2368 255 2434; x_wconf 76' lang='grc' dir='ltr'><strong>λῆς</strong></span> <span class='ocrx_word' id='word_1_239' title='bbox 283 2365 527 2432; x_wconf 73' lang='grc' dir='ltr'><em>παρούσης.</em></span> <span class='ocrx_word' id='word_1_240' title='bbox 592 2364 684 2412; x_wconf 80' lang='lat' dir='ltr'><strong>Cfr,</strong></span> <span class='ocrx_word' id='word_1_241' title='bbox 708 2384 742 2412; x_wconf 92' lang='lat' dir='ltr'><strong>c.</strong></span> <span class='ocrx_word' id='word_1_242' title='bbox 771 2374 836 2421; x_wconf 89' lang='grc'><strong>10,</strong></span> <span class='ocrx_word' id='word_1_243' title='bbox 866 2365 912 2413; x_wconf 87' lang='lat' dir='ltr'><strong>in</strong></span> <span class='ocrx_word' id='word_1_244' title='bbox 944 2381 1026 2431; x_wconf 86' lang='lat' dir='ltr'><strong>quo</strong></span> <span class='ocrx_word' id='word_1_245' title='bbox 1058 2366 1177 2412; x_wconf 89' lang='lat' dir='ltr'><strong>varia</strong></span> <span class='ocrx_word' id='word_1_246' title='bbox 1206 2367 1263 2413; x_wconf 88' lang='lat' dir='ltr'><strong>ad</strong></span> <span class='ocrx_word' id='word_1_247' title='bbox 1303 2369 1528 2429; x_wconf 79' lang='lat' dir='ltr'><strong>mysterio--</strong></span> 
     </span>
     <span class='ocr_line' id='line_1_31' title="bbox 168 2438 970 2505; baseline -0.002 -18"><span class='ocrx_word' id='word_1_248' title='bbox 168 2460 262 2488; x_wconf 88' lang='lat' dir='ltr'><strong>rum</strong></span> <span class='ocrx_word' id='word_1_249' title='bbox 291 2443 419 2487; x_wconf 86' lang='lat' dir='ltr'><strong>ritum</strong></span> <span class='ocrx_word' id='word_1_250' title='bbox 449 2439 703 2505; x_wconf 84' lang='lat' dir='ltr'><strong>pertinentia</strong></span> <span class='ocrx_word' id='word_1_251' title='bbox 740 2438 970 2503; x_wconf 79' lang='lat' dir='ltr'><strong>traduntur.</strong></span> 
     </span>
    </p>

    <p class='ocr_par' dir='ltr' id='par_1_3' title="bbox 175 2511 1525 2652">
     <span class='ocr_line' id='line_1_32' title="bbox 288 2511 1525 2577; baseline -0.002 -17"><span class='ocrx_word' id='word_1_252' title='bbox 288 2514 455 2576; x_wconf 85' lang='lat' dir='ltr'><strong>Quibus</strong></span> <span class='ocrx_word' id='word_1_253' title='bbox 497 2514 694 2560; x_wconf 88' lang='lat' dir='ltr'><strong>omnibus</strong></span> <span class='ocrx_word' id='word_1_254' title='bbox 743 2528 871 2575; x_wconf 91' lang='lat' dir='ltr'><strong>quum</strong></span> <span class='ocrx_word' id='word_1_255' title='bbox 912 2512 998 2562; x_wconf 86' lang='lat' dir='ltr'><strong>iam</strong></span> <span class='ocrx_word' id='word_1_256' title='bbox 1040 2514 1206 2561; x_wconf 85' lang='lat' dir='ltr'><strong>abunde</strong></span> <span class='ocrx_word' id='word_1_257' title='bbox 1254 2514 1371 2577; x_wconf 85' lang='lat' dir='ltr'><strong>quod</strong></span> <span class='ocrx_word' id='word_1_258' title='bbox 1411 2511 1525 2559; x_wconf 86' lang='lat' dir='ltr'><strong>volui</strong></span> 
     </span>
     <span class='ocr_line' id='line_1_33' title="bbox 175 2585 1521 2652; baseline 0 -18"><span class='ocrx_word' id='word_1_259' title='bbox 175 2588 501 2635; x_wconf 86' lang='lat' dir='ltr'><strong>demonstratum</strong></span> <span class='ocrx_word' id='word_1_260' title='bbox 530 2588 607 2645; x_wconf 88' lang='lat' dir='ltr'><strong>sit,</strong></span> <span class='ocrx_word' id='word_1_261' title='bbox 653 2599 792 2635; x_wconf 86' lang='lat' dir='ltr'><strong>cetera</strong></span> <span class='ocrx_word' id='word_1_262' title='bbox 833 2585 1033 2637; x_wconf 83' lang='lat' dir='ltr'><strong>Romana</strong></span> <span class='ocrx_word' id='word_1_263' title='bbox 1061 2588 1264 2652; x_wconf 80' lang='lat' dir='ltr'><strong>mysteria</strong></span> <span class='ocrx_word' id='word_1_264' title='bbox 1295 2586 1339 2634; x_wconf 88' lang='lat' dir='ltr'><strong>in</strong></span> <span class='ocrx_word' id='word_1_265' title='bbox 1371 2587 1521 2652; x_wconf 87' lang='lat' dir='ltr'><strong>quibus</strong></span> 
     </span>
    </p>
   </div>
   <div class='ocr_carea' id='block_1_3' title="bbox 764 217 977 231">
    <p class='ocr_par' dir='ltr' id='par_1_4' title="bbox 764 217 977 231">
     <span class='ocr_line' id='line_1_34' title="bbox 764 217 977 231; baseline 0 2784"><span class='ocrx_word' id='word_1_266' title='bbox 764 217 977 231; x_wconf 95' lang='lat' dir='ltr'><strong> </strong></span> 
     </span>
    </p>
   </div>
  </div>
 </body>
</html>
