1730 3015
802 231 884 292 23

170 381 334 443 egregie
372 381 578 428 defendit:
601 379 890 436 v„Personata
927 367 1075 427 fabula
1118 381 1327 445 quaedam
1368 378 1526 429 Naevii

168 456 420 514 inscribitur,
461 472 588 520 quam
614 465 770 517 putant
801 455 972 518 quidam
1002 456 1187 519 primum
1217 473 1244 502 a
1267 457 1521 521 vpersonatis

166 529 439 577 histn‘onihus
492 534 678 595 (actam).
740 530 830 576 Sed
870 547 1001 593 quum
1041 543 1141 594 post
1184 531 1344 579 multos
1379 534 1525 578 'annos

165 607 356 653 comoedi
387 616 429 652 et
457 604 649 666 tragoedi
678 604 874 666 personis
916 606 979 651 uti
1001 607 1268 669 coeperunt,
1308 607 1519 653 verisimi-

162 680 244 726 lius
297 692 359 727 est
399 697 493 726 eam
529 677 719 724 fabulam
759 690 934 742 propter
979 679 1171 743 inopiam
1213 683 1519 728 comoedorum

163 766 302 801 actam
331 770 497 800 novam
518 770 596 816 per
617 751 853 809 Atellanos,
885 755 957 816 qui
986 755 1160 818 proprie
1191 767 1393 802 vocantur
1421 774 1516 819 per-

161 829 323 883 sonati,
367 827 482 890 quia
501 828 568 872 ius
610 838 675 872 est
715 826 790 883 iis,
840 844 951 872 non
970 828 1071 889 cogi
1108 828 1153 872 in
1192 844 1326 874 scena
1357 845 1516 892 ponere

160 918 400 965 personam,
444 903 559 964 quod
597 901 750 947 ceteris
772 901 1055 949 histrionibus
1087 902 1178 965 pati
1208 919 1382 949 necesse
1414 906 1516 949 est.’'

161 976 336 1022 Certum
376 976 516 1039 itaque
564 987 647 1032 cst,
690 976 985 1022 Atellanarum
1036 988 1202 1023 actores
1245 976 1384 1062 longe
1418 988 1515 1023 ante

158 1050 365 1114 Roscium
393 1062 663 1112 personatos
713 1051 933 1113 prodisse,
991 1068 1214 1114 meamque
1263 1051 1514 1113 opinionem

157 1139 260 1188 pace
297 1124 461 1170 Donati
499 1135 539 1170 et
576 1124 799 1170 Diomedis
840 1136 965 1171 stare.
1035 1125 1182 1185 Quod
1208 1136 1349 1172 autem
1392 1126 1510 1188 apud

155 1198 328 1244 Festum
358 1197 536 1258 legimus
569 1199 621 1244 de
657 1199 862 1260 ponenda
898 1216 1085 1262 persona
1116 1217 1203 1244 non
1244 1199 1403 1262 liquere
1444 1200 1505 1245 vi-

158 1273 303 1328 detur,
349 1281 390 1317 et
420 1288 525 1334 quae
569 1272 611 1317 Jt
645 1272 839 1335 Scaliger
868 1274 924 1319 ad
952 1273 994 1319 h.
1015 1273 1046 1318 l.-
1078 1274 1260 1336 scripsit,
1298 1272 1423 1320 facile
1462 1275 1507 1320 in

157 1364 338 1393 errorem
368 1347 561 1391 inducere
599 1358 801 1408 possunt,
839 1365 978 1409 neque
1007 1348 1110 1392 satis
1143 1348 1395 1393 conveniunt
1424 1348 1460 1392 F
1464 1367 1505 1394 e-

157 1422 211 1467 sti
241 1421 394 1466 verbis,
455 1420 603 1466 Liceat
633 1421 760 1483 igitur
797 1421 849 1467 de
890 1421 1235 1485 interpretatione
1251 1456 1254 1459 >
1273 1421 1354 1467 viri
1384 1422 1509 1478 docti,

155 1496 268 1542 cuius
313 1495 462 1541 merita
503 1495 549 1541 in
592 1494 769 1545 Festum
817 1496 928 1541 satis
962 1513 1173 1558 agnosco,
1200 1523 1202 1525 ·
1226 1495 1508 1542 dubitationes

153 1587 269 1617 meas
300 1570 503 1633 proferre.
577 1568 710 1630 Quod
760 1571 872 1616 dicat
920 1583 1069 1618 auctor
1127 1606 1153 1628 „
1166 1571 1377 1633 deponere
1406 1588 1502 1633 per-

155 1648 350 1702 sonam,''
385 1645 651 1691 hoc‘factum
690 1662 780 1690 esse
826 1647 1038 1691 contendit
1081 1645 1284 1707 Scaliger,
1327 1645 1501 1707 quando

153 1720 472 1766 exsibilarentur
515 1737 650 1781 neque
695 1718 908 1782 placerent
957 1719 1209 1775 histriones,
1262 1718 1500 1781 exemplum

151 1805 298 1858 petens
343 1794 395 1838 de
430 1792 608 1855 Pylade,
649 1810 773 1855 quem
808 1809 1034 1855 personam
1072 1792 1287 1855 quondam
1318 1793 1497 1855 deposu-

151 1869 236 1915 isse
283 1868 410 1914 refert
452 1867 713 1914 Macrobius.
783 1866 942 1923 Locus,
989 1867 1061 1930 qui
1105 1866 1310 1928 Scaligeri
1354 1866 1498 1911 animo

153 1934 465 2000 obversabatur,
509 1953 585 1988 est·
614 1943 659 1988 in
689 1943 780 1988 Sat.
801 1942 855 1986 ΙΙ.
876 1953 928 1996 7:
971 1942 1144 2002 „Quum
1183 1941 1228 1987 in
1268 1941 1499 1987 Herculem

150 2016 187 2062 F
190 2028 376 2064 urentem
416 2018 629 2082 prodisset
678 2016 914 2080 (Pylades),
954 2027 995 2063 et
1033 2014 1246 2062 nonnullis
1286 2015 1499 2061 incessum

150 2091 345 2138 histrioni
375 2094 694 2139 convenientem
722 2111 809 2139 non
841 2109 1009 2138 servare
1044 2092 1264 2147 videretur,
1304 2090 1496 2153 deposita

149 2182 334 2229 persona
361 2168 546 2213 ridentes
569 2168 801 2230 increpuit:
832 2170 980 2233 μωροὶ
1008 2164 1299 2227 μαινόμενον
1328 2184 1384 2229 ορ
1386 2183 1499 2226 λου-

149 2258 297 2299 μαι.
356 2240 415 2285 At
459 2242 648 2305 Pylades
693 2241 761 2287 bic
794 2259 893 2287 non
942 2242 1120 2304 cogitur
1152 2257 1295 2286 veram
1344 2238 1497 2284 faciem

151 2313 370 2358 ostendere
400 2316 573 2377 populo,
591 2317 682 2362 :sed
711 2315 787 2362 sua
818 2327 970 2379 sponte
999 2331 1227 2377 personam
1257 2312 1409 2367 abiicit,
1446 2322 1494 2356 ut

150 2387 291 2433 media
319 2386 483 2433 actione
507 2406 609 2436 non
637 2390 845 2437 Hercules
871 2389 953 2435 ¹‘sed
982 2388 1167 2452 Pylades
1198 2386 1358 2432 incuset
1389 2383 1493 2429 stul-

150 2463 284 2508 titiam
314 2473 620 2526 spectatorum.v
658 2466 790 2511 -Tum
826 2480 927 2511 vero
966 2464 1004 2509 si
1034 2463 1113 2508 hoc
1144 2478 1269 2506 sensu
1310 2476 1497 2522 „ponere

149 2539 403 2599 personam*
436 2556 548 2584 cmnz
566 2539 787 2601 scaligero
817 2539 1086 2602 explicamus,
1124 2534 1241 2581 Festi
1271 2534 1387 2579 locus
1426 2533 1492 2577 in-

150 2610 283 2675 telligi
313 2612 478 2678 nequit:
513 2611 674 2660 Naevii
692 2613 817 2659 *enim
845 2626 1034 2677 tempore
1064 2609 1251 2657 Atellani
1280 2607 1494 2672 personati

152 2681 430 2747 vocabantur,
470 2690 600 2753 quod
623 2689 720 2752 cogi
747 2706 835 2734 non
865 2698 1059 2752 poterant
1087 2696 1133 2733 ut
1162 2691 1371 2749 ponerent
1399 2700 1496 2748 per-
