1730 3015
859 107 940 172 86

223 264 540 328 transcripsisse
567 273 620 308 ⁴et
657 260 827 329 Naevio
864 262 926 308 n'il
965 262 1117 310 debere
1156 262 1241 308 nisi'
1271 262 1574 321 inventionem,

221 338 349 385 facile
381 337 616 401 impetrabo
649 336 703 383 ab
740 337 790 382 iis
823 337 896 399 qui
926 334 1084 384 Naevii
1113 339 1350 400 fragmenta
1389 347 1432 383 et
1467 336 1575 383 Vir-

224 414 315 477 gilii
355 424 514 459 vetcres
555 411 752 458 imitandi
788 412 1018 470 rationem,
1062 413 1177 460 cuius
1219 410 1342 475 plura
1380 409 1587 474 exempla'

221 489 425 552 proponit
454 486 706 533 Macrobius
723 487 752 532 l.
779 486 823 544 l.,
855 498 1076 534 noverunt.
1134 487 1173 533 F
1175 504 1225 533 ac
1260 481 1442 532 tandem>
1466 486 1574 531 inte·
1614 487 1619 501 ’

221 578 322 625 gros
356 561 521 624 antiqui
557 573 710 625 poetae
748 580 893 610 versus
937 580 965 609 a
1000 564 1182 610 Marone
1220 578 1444 626 expressos
1482 577 1576 608 esse

219 654 362 683 nonne
395 637 523 683 etiam
556 632 807 685 Terentium
837 638 949 693 Livii
986 656 1151 685 versum
1187 637 1436 683 referentem
1466 635 1574 683 vidi-

218 712 345 759 mus?
377 712 609 760 Praeterea
639 714 902 780 comparanti
931 713 1035 760 mihi
1064 714 1178 759 Livii
1207 724 1249 759 et
1279 710 1437 759 Naevii
1466 702 1575 775 quae

217 786 411 834 feruntur
439 787 693 850 fragmenta,
722 788 893 834 minime
914 789 1016 845 fere,
1049 789 1163 851 quod
1182 789 1238 834 ad
1260 787 1426 851 singula
1446 786 1577 832 verba

219 879 451 927 eorumque
495 862 718 909 flexionem
759 875 801 909 et
848 864 1103 920 iuncturam,
1149 875 1189 909 et
1239 864 1295 909 ad
1337 863 1576 908 uuiversum

219 938 424 1001 loquendi
452 937 623 988 modum
654 936 848 1000 pertinet,
882 936 1054 983 differre
1092 936 1203 982 inter
1240 954 1286 982 se
1327 937 1420 982 visa
1464 942 1590 984 sunt.·v

219 1013 311 1060 Sed
340 1022 492 1074 et-ego
523 1010 690 1057 fabulas
722 1010 836 1056 Livii
868 1010 1085 1060 Ciceronis
1117 1021 1254 1057 aetate
1284 1028 1373 1056 non
1393 1009 1575 1074 amplius

210 1097 432 1150 spectatas
465 1102 559 1131 esse
589 1097 706 1149 puto,
737 1085 855 1131 cuius
885 1085 948 1131 rei
979 1097 1269 1148 argumentum
1300 1085 1591 1132 certissimum.

215 1155 263 1207 iix
297 1160 518 1207 Ciceronis
550 1160 714 1218 verbis,
757 1159 908 1224 quibus
954 1160 1006 1207 de
1048 1160 1199 1224 Equo
1230 1159 1469 1207 Troiano
1510 1158 1576 1205 lo-

218 1236 377 1299 quitur,
408 1236 539 1281 latere
570 1235 675 1282 mihi
704 1235 881 1281 videtur.
943 1235 1062 1296 Quid
1101 1236 1234 1292 enim,
1271 1235 1463 1281 Livium·
1485 1252 1575 1280 cre·
1644 1256 1661 1269 ··

218 1303 371 1356 damus
404 1327 481 1356 suo
512 1320 727 1372 tempore,
762 1310 878 1373 quod
907 1309 1174 1373 simplicitate
1205 1310 1313 1356 vitae
1346 1308 1577 1373 spectabile

217 1385 371 1441 fertur,
408 1396 473 1429 ter
512 1384 649 1430 millia
692 1394 951 1428 craterarum
996 1385 1227 1445 spectanda
1269 1384 1575 1447 proposuisse?

217 1458 552 1520 Simplicitatem
593 1456 835 1503 fabularum
884 1456 999 1502 Livii
1040 1468 1081 1503 et
1122 1455 1278 1503 Naevii
1323 1458 1471 1503 Cicero
1522 1457 1574 1503 de

216 1525 352 1595 Eegg.
381 1532 437 1577 II.
465 1537 532 1588 15,
556 1540 625 1586 39.
649 1530 844 1576 laudibus
885 1530 1033 1577 effert:
1074 1530 1184 1588 „Illa
1216 1531 1386 1594 quidem
1425 1532 1574 1595 inquit,

217 1624 326 1671 quae
369 1606 567 1653 solebant
618 1606 835 1669 quondam
883 1606 1088 1670 compleri
1134 1606 1357 1653 severitate
1393 1607 1576 1654 iucunda

216 1681 410 1727 Livianis
456 1693 498 1727 et
537 1678 772 1727 Naevianis
813 1682 972 1735 modis;
1010 1699 1122 1726 nunc
1151 1689 1206 1726 ‘ut
1249 1682 1397 1728 eadem
1436 1681 1574 1727 exsul-

215 1749 331 1803 tant!
366 1756 546 1803 cervices
578 1755 808 1819 oculosque
838 1755 998 1820 pariter
1034 1774 1130 1803 cum
1165 1757 1389 1803 modorum
1430 1756 1573 1802 flexio-

216 1832 341 1878 nibus
374 1836 619 1895 torquent.“
679 1830 841 1876 Rabies
882 1830 979 1887 illa,
1023 1847 1330 1894 quapompas
1374 1831 1575 1877 eiusmodi

215 1905 517 1968 postulabant,
557 1904 784 1951 Romanos
834 1903 979 1951 Sullae
1023 1905 1283 1968 temporibus
1323 1906 1499 1963 invasit,
1532 1917 1609 1953 et·

216 1990 318 2024 tunc
363 1980 569 2043 primum,
591 1979 768 2036 ‚divitiis
807 1978 989 2041 paratis,
1040 1978 1173 2025 oculis
1219 1990 1283 2024 tot
1320 1990 1578 2026 craterarum

216 2053 347 2100 obiici
383 2064 599 2116 poterant,
641 2063 682 2098 et
721 2052 775 2097 ab
807 2068 859 2098 ea
889 2052 1058 2098 demum
1103 2064 1238 2100 aetate
1276 2072 1368 2100 rem
1404 2055 1572 2102 drama·
1603 2085 1606 2088 ·

215 2125 343 2175 ticam
375 2127 672 2174 Romanorum
701 2126 907 2173 invertere
938 2128 1077 2190 coepit
1113 2127 1187 2173 illa
1223 2130 1355 2195 pestis
1393 2132 1445 2177 de
1489 2148 1573 2195 qua

215 2203 428 2250 Horatius
460 2203 576 2267 Epp.
598 2203 654 2249 ΙΙ.
680 2213 716 2258 1,
743 2207 848 2256 187:
1560 2253 1568 2273 x

245 2310 248 2313 ·
275 2277 443 2325 Verum
474 2278 606 2342 equiti
638 2292 804 2340 quoquc
834 2277 920 2323 iam
950 2276 1147 2340 migravit
1174 2277 1228 2324 ab
1251 2294 1349 2325 aure
1370 2279 1568 2345 voluptas

276 2353 437 2401 Omnis
469 2355 525 2400 ad
555 2355 738 2399 incertos
772 2364 813 2398 et
843 2352 987 2398 oculos
1020 2354 1174 2415 gaudia
1204 2371 1328 2399 vana.

213 2451 216 2454 ·
278 2428 496 2489 Quattuor
526 2440 602 2475 aut
630 2428 774 2492 plures
806 2427 955 2473 aulaea
983 2439 1226 2490 premuntur
1254 2428 1299 2474 in
1328 2428 1472 2484 horas,

260 2504 394 2551 «Dum
422 2504 589 2565 fugiunt
619 2502 804 2565 equitum
834 2513 994 2548 turmae
1025 2503 1295 2565 peditumque
1326 2513 1541 2560 catervae3

276 2577 387 2625 Mox
417 2577 597 2625 tra-bitur
625 2577 821 2624 manibus
851 2594 998 2639 regum
1028 2576 1196 2623 fortuna
1224 2576 1407 2634 retortis,
