1730 3015
837 156 920 222 24

202 329 357 369 sonas,
395 316 498 376 quo¹
519 313 609 357 iure
651 310 882 355 histriones
923 311 1148 366 carebant;
1169 321 1229 356 at
1267 309 1338 366 hi,
1379 310 1416 354 si
1444 312 1565 357 iussu

201 386 354 452 populi
383 385 535 434 faciem
565 384 727 431 nudare
758 384 991 443 debebant,
1022 397 1134 433 certe
1162 382 1358 450 personis
1386 383 1564 431 uteban-

203 473 294 518 tur,
323 462 366 506 id
398 460 514 523 quod
542 459 747 505 Donatus
777 459 1016 520 Diomedes
1038 471 1082 506 et
1106 461 1199 524 ipse
1218 459 1373 505 Festus
1394 470 1565 520 negant.

203 536 426 599 Equidem·
462 533 595 600 paulo
646 533 931 597 negligentius
970 535 1007 582 F
1010 546 1158 582 estum
1188 535 1412 599 scripsisse
1447 545 1565 597 puto,

203 621 246 656 et
286 628 405 667 „non
447 610 544 673 cogi
584 610 631 656 in
661 626 789 657 scena
809 631 815 637 ’
832 628 991 674 ponere
1021 616 1277 675 personam“
1309 608 1565 672 significare:

201 684 391 731 Atellani
430 686 527 748 cogi
566 703 654 731 non
692 696 913 749 poterant,
944 698 990 732 ut
1032 686 1123 732 sine
1154 684 1349 749 personis
1381 695 1567 746 agerent,

129 776 172 828 χ
201 769 250 806 ut
278 776 490 824 personas
522 770 730 823 ponerent
757 759 1137 817 fabulamfacturi,
1171 778 1299 823 quum
1321 757 1481 804 inaliis
1501 757 1566 804 lu-

205 834 273 880 dis
305 851 379 881 eas
412 834 686 882 adhiberent:
718 835 846 881 ceteri
875 834 1104 881 histriones
1136 835 1227 881 sine
1250 834 1445 898 personis
1468 850 1566 897 age-

192 908 324 954 bant.
384 909 492 954 Hoc.
527 909 657 953 modo
698 909 844 968 omnia
881 909 990 953 bene
1031 909 1307 964 conveniunt,
1344 909 1426 954 nisi
1456 908 1570 972 quod

204 982 365 1029 ultima
382 983 531 1039 verita,
571 982 718 1045 „quod
759 981 908 1028 ceteris
947 980 1224 1028 histrionibus
1246 982 1354 1045 pati
1393 1000 1568 1029 necesse
1628 1026 1631 1029 .

206 1059 320 1114 est,''
355 1057 508 1111 iterum
550 1056 756 1115 incuriam
776 1055 1057 1103 librariorum
1101 1067 1173 1101 aut
1213 1056 1334 1102 Festi
1371 1058 1569 1120 prodant.

204 1117 371 1178 Nescio
408 1148 465 1178 an
501 1131 634 1178 Festo
671 1131 717 1177 in
753 1142 941 1178 mentem
978 1132 1161 1189 venerit,
1201 1148 1358 1196 pravus
1396 1131 1570 1195 quidam

202 1223 300 1252 mos
332 1206 630 1252 Romanorum
645 1243 657 1264 ‚
692 1223 776 1269 quo
806 1207 972 1253 Mimos
1004 1217 1244 1271 spectantes
1275 1206 1417 1253 iubere
1458 1207 1568 1253 sole-

203 1281 313 1328 bant
352 1281 525 1346 pulcras
569 1281 807 1327 saltatrices
851 1282 1038 1327 vestibus
1071 1281 1274 1345 depositis
1305 1282 1442 1328 nudas
1483 1282 1566 1328 sal-

206 1366 311 1401 tare.
376 1356 427 1402 Si
457 1372 559 1400 vero
590 1354 702 1400 hunc
731 1371 894 1400 morem
923 1356 968 1400 in
999 1355 1142 1402 animo
1163 1355 1348 1400 habebat
1367 1355 1443 1400 illa
1464 1357 1567 1401 scri-

205 1428 334 1487 bam,
365 1447 435 1475 res
465 1428 679 1487 confudit,
717 1440 777 1475 et⁴
802 1426 957 1475 Naevii
999 1430 1265 1493 temporibus
1312 1440 1431 1476 tanta
1471 1429 1567 1477 libi-

205 1504 304 1550 dine
351 1505 503 1551 urbem
560 1515 673 1550 certe
724 1520 898 1550 vacasse
953 1505 1102 1561 credo,
1153 1521 1413 1569 quamquam
1462 1504 1568 1552 Val.

210 1577 429 1625 Maximus
452 1580 519 1625 JI.
555 1589 623 1637 10,
656 1584 697 1625 3.
731 1578 799 1625 Μ.
844 1579 1008 1626 Catone
1046 1580 1215 1627 vivente
1256 1579 1367 1627 hunc
1406 1597 1570 1628 morem

206 1653 395 1716 priscum
427 1655 540 1700 dicit.

330 1728 479 1789 Quum
522 1740 661 1776 autem
705 1746 836 1795 snpra
875 1728 1143 1776 imitationen
1173 1740 1216 1776 et
1244 1730 1414 1777 velandi
1442 1730 1571 1777 ritum

210 1803 296 1848 iam
325 1803 370 1849 in
390 1805 626 1867 pastoritiis
647 1804 758 1851 ludis
780 1803 970 1867 conspici
990 1803 1180 1861 dixerim,
1211 1805 1340 1850 etiam
1369 1804 1451 1850 hoc
1481 1821 1569 1851 cer-

211 1877 266 1922 tis
305 1879 566 1940 argumentis
604 1878 862 1925 fulciendum
903 1889 988 1935 est,
1030 1878 1281 1941 priusquam
1320 1879 1377 1924 ad
1405 1878 1570 1943 reliqua

211 1962 442 1996 transeam.
501 1952 716 2014 Virgilius
748 1952 902 2014 Eclog.
920 1950 977 1996 X.
1000 1961 1070 2005 27.
1090 1969 1214 1997 usum
1243 1953 1569 2016 sanguinearum

212 2024 329 2072 ebuli
358 2025 580 2073 baccarum
622 2038 663 2073 et
702 2025 823 2072 minii
854 2026 910 2072 ad
940 2043 989 2071 os
1021 2025 1313 2073 obducendum
1335 2028 1427 2074 iam
1454 2028 1569 2079 Pani

213 2100 296 2147 deo
326 2100 538 2157 attribuit,
569 2112 612 2147 et
639 2101 685 2147 in
715 2100 875 2163 Georg.
897 2101 955 2146 ΙΙ.
977 2106 1078 2146 388.
1122 2102 1319 2165 ant-iquos
1359 2104 1568 2166 agricolas

211 2173 336 2221 festis
366 2174 538 2233 diebus,
569 2176 719 2239 quibus
748 2175 967 2222 Bacchum
997 2176 1201 2233 colerent,
1243 2176 1453 2224 horrenda
1491 2195 1588 2237 ora,

213 2266 382 2296 sumere
413 2249 517 2296 dicit
559 2249 748 2297 confecta
778 2267 830 2295 ex
860 2249 1083 2296 corticibus
1115 2251 1285 2298 cavatis.
1358 2252 1409 2300 Si
1438 2252 1568 2299 alium

212 2324 292 2370 tibi
322 2335 469 2371 testem
498 2325 813 2381 nominassem,
841 2324 1024 2371 fortasse
1054 2342 1142 2372 non
1170 2326 1259 2373 sine
1296 2327 1384 2373 iure
1414 2338 1566 2390 poetae

215 2399 507 2445 narrationem
537 2416 564 2444 a
597 2399 771 2444 veritate
801 2399 996 2445 aberrare
1025 2415 1183 2462 posses
1212 2401 1402 2456 credere,
1420 2400 1516 2444 :sed
1539 2415 1567 2444 a

213 2471 402 2535 Virgilio
434 2473 546 2519 absit
575 2489 750 2519 necesse
781 2483 844 2518 est
874 2472 1010 2519 omnis
1040 2474 1250 2538 suspicio,
1281 2472 1482 2536 quumin
1500 2470 1566 2520 his

195 2547 441 2610 praecipue
469 2548 596 2594 rebus
621 2563 727 2593 >raro
759 2565 857 2593 eum
885 2547 944 2593 uti
976 2548 1128 2595 scimus
1157 2548 1233 2595 illa
1267 2546 1432 2610 poetica
1469 2546 1564 2593 Ho-

215 2621 314 2667 ratii
331 2622 535 2689 licentia..
569 2622 873 2686 Quapropter,
905 2640 1034 2686 quum
1053 2619 1479 2685 MenalcamiEclogss
1499 2621 1564 2670 Y.
1623 2679 1632 2719 ἱ
