1730 3015
726 180 809 251 49

76 349 83 377 -’
96 341 319 389 Atellanas
351 354 476 386 omne
507 335 692 383 studium
723 334 985 396 conferrent,
1028 336 1270 401 missosque
1309 339 1452 402 singu-

96 417 162 464 los
192 418 332 472 iocos,
362 413 438 460 illa
467 410 640 467 exodia,
672 411 740 458 vel
770 412 815 457 in
831 413 1146 475 >componendis
1186 412 1343 459 fabulis
1386 431 1452 460 as-

93 501 303 547 sererent,
349 486 417 533 vel
462 485 508 531 in
554 486 728 548 agendis
775 505 825 533 ex
862 498 1052 551 tempore
1090 488 1342 546 funderent,
1394 489 1456 535 ita

95 577 261 621 tamen,
300 573 348 608 ut
383 560 624 607 fabularum
650 577 796 606 ‘nexus
849 578 938 606 non
974 562 1244 620 turbaretur,
1283 575 1453 626 specta-

96 651 236 696 tores,
269 637 341 700 qui
372 635 499 681 rudes
531 635 718 697 artisque
750 646 940 698 expertes
973 652 1024 682 ea
1053 636 1290 700 roluptate,
1324 656 1453 702 quam

96 713 252 760 Graeci
281 730 331 757 ex
362 710 538 756 theatris
571 709 813 772 capiebant,
846 711 1330 773 spectaculis'interesse
1361 731 1451 760 non

93 789 347 842 didicerant,
399 801 499 831 suos
555 784 771 847 apinarios
825 784 1135 831 desiderabant.
1220 786 1452 835 Voluntati

91 861 240 926 populi
269 860 493 923 gratificati
522 877 617 905 esse
649 859 843 905 videntur
872 860 1002 905 Mimi
1027 871 1153 922 atque
1173 860 1449 924 PlanipedeS‚

94 935 165 999 qui
221 935 310 981 vice
353 935 565 991 iuvenum,
620 934 844 980 Atellanas
887 935 975 980 iam
1017 935 1254 997 agentium,
1306 935 1452 994 functi,

89 1022 190 1056 tunc
219 1010 328 1054 inter
357 1021 476 1054 actus
506 1009 674 1073 fabulae
706 1021 748 1054 et
778 1020 878 1071 post
907 1010 1097 1065 doctam,
1136 1010 1254 1054 iocos
1287 1011 1449 1056 incom-

89 1083 255 1148 positos
288 1083 520 1128 ediderunt.
580 1082 786 1128 Proxima
813 1094 916 1147 post
944 1082 1117 1128 Livium
1156 1084 1450 1131 Andronicum

92 1169 242 1215 aetate,
266 1175 349 1220 qua
371 1157 598 1203 histriones
619 1169 661 1203 et
679 1158 850 1204 iuvenes
868 1157 1055 1203 Romani
1074 1159 1155 1205 soli
1182 1176 1307 1205 scena
1325 1161 1451 1223 potiti

91 1243 233 1290 erant,
263 1232 344 1279 hoc
373 1231 531 1278 factum
561 1248 652 1277 esse
683 1233 852 1295 nequit,
885 1232 1002 1295 quod
1033 1243 1121 1277 tum
1164 1234 1307 1279 omnia
1349 1235 1451 1281 sim-

90 1309 267 1373 pliciore
299 1308 428 1352 modo
461 1307 714 1368 agebantur,
748 1307 900 1368 quique
931 1306 1158 1352 histriones
1190 1308 1304 1352 idem
1324 1310 1454 1356 Mimi

92 1393 225 1429 erant.
289 1382 379 1427 Sed
408 1380 577 1426 mimica
607 1380 776 1425 saltatio
808 1380 862 1424 ab
894 1380 1014 1425 initio
1045 1397 1149 1442 prae
1181 1384 1327 1427 ceteris
1362 1399 1452 1429 sce-

91 1457 197 1504 nicis
230 1456 392 1502 artibus
424 1454 640 1501 Romanis
671 1455 903 1500 admodum
932 1454 1138 1518 placuisse
1177 1456 1367 1514 videtur,
1407 1470 1453 1505 ut

92 1533 179 1578 iam
208 1531 318 1577 inter
346 1530 461 1576 bella
490 1529 655 1575 Punica
686 1530 919 1592 spectando
953 1530 1117 1575 Mimos
1149 1532 1344 1577 contenti
1365 1550 1452 1579 non

92 1617 246 1664 essent,
278 1605 354 1651 sed
374 1605 458 1667 ipsi
478 1603 693 1649 saltationi
714 1603 943 1649 maximam
965 1621 1140 1667 operam
1162 1606 1324 1662 darent,
1347 1625 1450 1670 pue-

88 1698 246 1743 rosque
292 1696 390 1725 suos
434 1680 479 1724 in
515 1678 660 1723 ludum
703 1677 969 1723 saltatorium
1007 1680 1232 1725 mitterent.
1303 1681 1453 1727 Liceat

92 1755 371 1802 transcribere
401 1752 618 1799 Macrobii
660 1752 752 1797 Sat.
771 1752 827 1796 Π.
846 1761 912 1797 10.
943 1752 1084 1798 locum
1113 1753 1366 1817 locupletem
1396 1757 1448 1802 de

94 1841 183 1876 arte
215 1828 425 1885 saltandi,
460 1845 510 1890 ex
542 1843 626 1890 quo
658 1827 817 1890 optime
842 1828 1117 1890 conspicitur,
1152 1846 1235 1891 quo
1258 1840 1448 1894 tempore

93 1905 180 1950 iam
220 1903 383 1949 deflecti
423 1903 474 1948 de
513 1903 688 1964 antiqua
728 1901 995 1965 simplicitate
1034 1914 1230 1965 coeptum
1269 1904 1323 1949 sit
1362 1916 1449 1950 stu-

95 1979 210 2024 dium
253 1978 570 2024 Romanorum:
622 1974 876 2033 „Nobilium
926 1994 1026 2023 vero
1063 1978 1199 2035 filios,
1251 1990 1293 2024 et
1337 1981 1453 2042 quod

97 2053 211 2098 dictu
240 2053 360 2099 nefas
392 2065 478 2110 est,
509 2052 618 2097 filias
652 2069 822 2114 quoque
844 2051 1027 2115 virgines
1049 2052 1159 2098 inter
1180 2054 1370 2099 studiosa
1399 2055 1453 2109 (‘?)

96 2145 341 2174 numerasse
374 2128 560 2175 saltandi
589 2127 910 2172 meditationem
941 2128 1061 2175 testis
1084 2140 1148 2174 est
1170 2129 1316 2191 Scipio
1338 2130 1452 2175 Afri-

97 2218 226 2247 canus
258 2204 544 2259 Aemilianus,
577 2201 650 2266 qui
678 2202 723 2248 in
755 2202 946 2247 oratione
979 2214 1128 2249 contra
1167 2204 1306 2267 legem
1346 2204 1450 2249 iudi-

98 2276 272 2322 ciariam
315 2278 388 2323 Ti.
430 2278 592 2324 Grachi
635 2278 696 2323 sic
739 2279 824 2325 ait:
870 2278 1073 2323 docentur
1102 2279 1353 2341 praestigias
1386 2279 1449 2323 in-

96 2346 318 2397 honestas:
369 2364 463 2398 cum
513 2352 744 2400 cinaedulis
808 2363 850 2398 et
899 2353 1100 2398 sambuca
1162 2353 1450 2416 psalterioque

97 2437 195 2472 eunt
222 2426 268 2471 in
297 2426 442 2472 ludum
471 2427 736 2483 histrionum,
769 2427 934 2472 discunt
965 2438 1153 2472 cantare:
1186 2444 1293 2489 quae
1316 2428 1451 2473 maio-

96 2517 165 2547 res
196 2501 333 2548 nostri
361 2502 553 2564 ingenuis
585 2501 742 2566 probro
775 2502 917 2548 ducier
940 2500 1171 2546 voluerunt.
1233 2500 1363 2558 Eunt,
1387 2502 1452 2548 in-

100 2589 249 2636 quam,
279 2577 333 2638 ⁸in
371 2577 517 2623 ludum
559 2577 822 2623 saltatorium
870 2576 980 2622 inter
1022 2575 1221 2620 cinaedos
1267 2577 1453 2640 virgines

98 2651 301 2716 puerique
330 2653 519 2717 ingenui.
579 2652 702 2700 Haec
734 2669 863 2717 quum
893 2650 997 2698 mihi
1040 2650 1265 2715 quisquam
1304 2670 1454 2714 narra-

1143 2726 1169 2767 4
