<?xml version="1.0" encoding="UTF-8"?>
<!DOCTYPE html PUBLIC "-//W3C//DTD XHTML 1.0 Transitional//EN"
    "http://www.w3.org/TR/xhtml1/DTD/xhtml1-transitional.dtd">
<html xmlns="http://www.w3.org/1999/xhtml" xml:lang="en" lang="en">
 <head>
  <title>
</title>
<meta http-equiv="Content-Type" content="text/html;charset=utf-8" />
  <meta name='ocr-system' content='tesseract 3.04.00' />
  <meta name='ocr-capabilities' content='ocr_page ocr_carea ocr_par ocr_line ocrx_word'/>
</head>
<body>
  <div class='ocr_page' id='page_1' title='image "4737173_0055.png"; bbox 0 0 1730 3015; ppageno 0'>
   <div class='ocr_carea' id='block_1_1' title="bbox 734 163 809 230">
    <p class='ocr_par' dir='ltr' id='par_1_1' title="bbox 734 163 809 230">
     <span class='ocr_line' id='line_1_1' title="bbox 734 163 809 230; baseline 0.013 -1"><span class='ocrx_word' id='word_1_1' title='bbox 734 163 809 230; x_wconf 76' lang='lat'><strong>41</strong></span> 
     </span>
    </p>
   </div>
   <div class='ocr_carea' id='block_1_2' title="bbox 101 314 1457 543">
    <p class='ocr_par' dir='ltr' id='par_1_2' title="bbox 101 314 1457 543">
     <span class='ocr_line' id='line_1_2' title="bbox 101 314 1457 385; baseline -0.005 -11"><span class='ocrx_word' id='word_1_2' title='bbox 101 327 289 374; x_wconf 83' lang='lat' dir='ltr'><strong>virorum</strong></span> <span class='ocrx_word' id='word_1_3' title='bbox 325 328 376 374; x_wconf 91' lang='lat' dir='ltr'><strong>de</strong></span> <span class='ocrx_word' id='word_1_4' title='bbox 418 321 602 385; x_wconf 81' lang='lat' dir='ltr'><strong>singulis</strong></span> <span class='ocrx_word' id='word_1_5' title='bbox 625 320 764 380; x_wconf 83' lang='lat' dir='ltr'><strong>verbis</strong></span> <span class='ocrx_word' id='word_1_6' title='bbox 810 320 946 378; x_wconf 91' lang='lat' dir='ltr'><strong>litem,</strong></span> <span class='ocrx_word' id='word_1_7' title='bbox 990 338 1042 368; x_wconf 91' lang='lat' dir='ltr'><strong>ea</strong></span> <span class='ocrx_word' id='word_1_8' title='bbox 1080 321 1177 368; x_wconf 91' lang='lat' dir='ltr'><strong>sola</strong></span> <span class='ocrx_word' id='word_1_9' title='bbox 1217 314 1457 384; x_wconf 78' lang='lat' dir='ltr'><strong>proponere</strong></span> 
     </span>
     <span class='ocr_line' id='line_1_3' title="bbox 104 397 1457 465; baseline -0.006 -15"><span class='ocrx_word' id='word_1_10' title='bbox 104 404 312 460; x_wconf 85' lang='lat' dir='ltr'><strong>conabor,</strong></span> <span class='ocrx_word' id='word_1_11' title='bbox 346 417 454 465; x_wconf 90' lang='lat' dir='ltr'><strong>quae</strong></span> <span class='ocrx_word' id='word_1_12' title='bbox 486 397 544 443; x_wconf 85' lang='lat' dir='ltr'><strong>ad</strong></span> <span class='ocrx_word' id='word_1_13' title='bbox 574 397 860 459; x_wconf 82' lang='lat' dir='ltr'><strong>cognitionem</strong></span> <span class='ocrx_word' id='word_1_14' title='bbox 890 397 992 443; x_wconf 90' lang='lat' dir='ltr'><strong>artis</strong></span> <span class='ocrx_word' id='word_1_15' title='bbox 1024 397 1214 445; x_wconf 83' lang='lat' dir='ltr'><strong>scenicae</strong></span> <span class='ocrx_word' id='word_1_16' title='bbox 1245 397 1457 443; x_wconf 89' lang='lat' dir='ltr'><strong>nascentis</strong></span> 
     </span>
     <span class='ocr_line' id='line_1_4' title="bbox 103 480 354 543; baseline -0.016 -18"><span class='ocrx_word' id='word_1_17' title='bbox 103 480 354 543; x_wconf 88' lang='lat' dir='ltr'><strong>pertineant.</strong></span> 
     </span>
    </p>
   </div>
   <div class='ocr_carea' id='block_1_3' title="bbox 674 253 887 259">
    <p class='ocr_par' dir='ltr' id='par_1_3' title="bbox 674 253 887 259">
     <span class='ocr_line' id='line_1_5' title="bbox 674 253 887 259; baseline 0 0"><span class='ocrx_word' id='word_1_18' title='bbox 674 253 887 259; x_wconf 95' lang='lat' dir='ltr'><strong> </strong></span> 
     </span>
    </p>
   </div>
   <div class='ocr_carea' id='block_1_4' title="bbox 105 547 1488 2714">
    <p class='ocr_par' dir='ltr' id='par_1_4' title="bbox 105 547 1488 2714">
     <span class='ocr_line' id='line_1_6' title="bbox 220 547 1463 613; baseline -0.005 -14"><span class='ocrx_word' id='word_1_19' title='bbox 220 554 432 599; x_wconf 90' lang='lat' dir='ltr'><strong>Incertum</strong></span> <span class='ocrx_word' id='word_1_20' title='bbox 462 566 554 595; x_wconf 91' lang='lat' dir='ltr'><strong>esse</strong></span> <span class='ocrx_word' id='word_1_21' title='bbox 586 547 770 605; x_wconf 88' lang='lat' dir='ltr'><strong>videtur,</strong></span> <span class='ocrx_word' id='word_1_22' title='bbox 800 559 963 605; x_wconf 86' lang='lat' dir='ltr'><strong>utrum,</strong></span> <span class='ocrx_word' id='word_1_23' title='bbox 1002 565 1130 611; x_wconf 92' lang='lat' dir='ltr'><strong>quum</strong></span> <span class='ocrx_word' id='word_1_24' title='bbox 1165 548 1298 613; x_wconf 87' lang='lat' dir='ltr'><strong>pestis</strong></span> <span class='ocrx_word' id='word_1_25' title='bbox 1331 564 1463 595; x_wconf 90' lang='lat' dir='ltr'><strong>causa</strong></span> 
     </span>
     <span class='ocr_line' id='line_1_7' title="bbox 106 615 1462 686; baseline -0.004 -12"><span class='ocrx_word' id='word_1_26' title='bbox 106 629 197 675; x_wconf 81' lang='lat' dir='ltr'><strong>ludi</strong></span> <span class='ocrx_word' id='word_1_27' title='bbox 224 625 405 673; x_wconf 87' lang='lat' dir='ltr'><strong>faciendi</strong></span> <span class='ocrx_word' id='word_1_28' title='bbox 437 615 601 680; x_wconf 84' lang='lat' dir='ltr'><strong>essent,</strong></span> <span class='ocrx_word' id='word_1_29' title='bbox 639 622 833 669; x_wconf 86' lang='lat' dir='ltr'><strong>ludiones</strong></span> <span class='ocrx_word' id='word_1_30' title='bbox 868 623 1006 669; x_wconf 91' lang='lat' dir='ltr'><strong>Tusci</strong></span> <span class='ocrx_word' id='word_1_31' title='bbox 1036 624 1216 686; x_wconf 88' lang='lat' dir='ltr'><strong>primum</strong></span> <span class='ocrx_word' id='word_1_32' title='bbox 1247 625 1462 670; x_wconf 91' lang='lat' dir='ltr'><strong>scenicum</strong></span> 
     </span>
     <span class='ocr_line' id='line_1_8' title="bbox 105 698 1461 766; baseline -0.004 -16"><span class='ocrx_word' id='word_1_33' title='bbox 105 700 392 766; x_wconf 79' lang='lat' dir='ltr'><strong>spectaculum</strong></span> <span class='ocrx_word' id='word_1_34' title='bbox 437 698 605 744; x_wconf 88' lang='lat' dir='ltr'><strong>Romae</strong></span> <span class='ocrx_word' id='word_1_35' title='bbox 655 698 885 755; x_wconf 84' lang='lat' dir='ltr'><strong>ediderint,</strong></span> <span class='ocrx_word' id='word_1_36' title='bbox 940 716 997 743; x_wconf 90' lang='lat' dir='ltr'><strong>an</strong></span> <span class='ocrx_word' id='word_1_37' title='bbox 1042 698 1214 743; x_wconf 90' lang='lat' dir='ltr'><strong>iuvenes</strong></span> <span class='ocrx_word' id='word_1_38' title='bbox 1257 698 1461 745; x_wconf 86' lang='lat' dir='ltr'><strong>Romani.</strong></span> 
     </span>
     <span class='ocr_line' id='line_1_9' title="bbox 107 771 1463 837; baseline -0.004 -14"><span class='ocrx_word' id='word_1_39' title='bbox 107 775 226 823; x_wconf 85' lang='lat' dir='ltr'><strong>Nam</strong></span> <span class='ocrx_word' id='word_1_40' title='bbox 243 771 453 821; x_wconf 63' lang='lat' dir='ltr'><strong>&#39;Valerius</strong></span> <span class='ocrx_word' id='word_1_41' title='bbox 482 773 703 818; x_wconf 78' lang='lat' dir='ltr'><strong>Maximus</strong></span> <span class='ocrx_word' id='word_1_42' title='bbox 725 773 784 817; x_wconf 89' lang='lat' dir='ltr'><strong>II.</strong></span> <span class='ocrx_word' id='word_1_43' title='bbox 807 784 848 829; x_wconf 58' lang='grc' dir='ltr'><strong>ιι,</strong></span> <span class='ocrx_word' id='word_1_44' title='bbox 866 785 907 830; x_wconf 69' lang='grc'><strong>4,</strong></span> <span class='ocrx_word' id='word_1_45' title='bbox 940 784 1087 819; x_wconf 88' lang='lat' dir='ltr'><strong>contra</strong></span> <span class='ocrx_word' id='word_1_46' title='bbox 1117 772 1334 835; x_wconf 83' lang='lat' dir='ltr'><strong>vulgarem</strong></span> <span class='ocrx_word' id='word_1_47' title='bbox 1369 773 1463 837; x_wconf 89' lang='lat' dir='ltr'><strong>opi-</strong></span> 
     </span>
     <span class='ocr_line' id='line_1_10' title="bbox 108 848 1464 911; baseline -0.004 -13"><span class='ocrx_word' id='word_1_48' title='bbox 108 851 280 898; x_wconf 86' lang='lat' dir='ltr'><strong>nionem</strong></span> <span class='ocrx_word' id='word_1_49' title='bbox 302 849 457 894; x_wconf 87' lang='lat' dir='ltr'><strong>diserte</strong></span> <span class='ocrx_word' id='word_1_50' title='bbox 480 848 816 911; x_wconf 84' lang='lat' dir='ltr'><strong>spectaculorum</strong></span> <span class='ocrx_word' id='word_1_51' title='bbox 838 848 1044 910; x_wconf 87' lang='lat' dir='ltr'><strong>originem</strong></span> <span class='ocrx_word' id='word_1_52' title='bbox 1068 865 1093 893; x_wconf 90' lang='lat' dir='ltr'><strong>a</strong></span> <span class='ocrx_word' id='word_1_53' title='bbox 1114 848 1337 903; x_wconf 89' lang='lat' dir='ltr'><strong>iuventute,</strong></span> <span class='ocrx_word' id='word_1_54' title='bbox 1356 865 1464 910; x_wconf 91' lang='lat' dir='ltr'><strong>quae</strong></span> 
     </span>
     <span class='ocr_line' id='line_1_11' title="bbox 110 922 1467 986; baseline -0.001 -17"><span class='ocrx_word' id='word_1_55' title='bbox 110 924 299 971; x_wconf 87' lang='lat' dir='ltr'><strong>carmina</strong></span> <span class='ocrx_word' id='word_1_56' title='bbox 328 924 416 969; x_wconf 90' lang='lat' dir='ltr'><strong>irae</strong></span> <span class='ocrx_word' id='word_1_57' title='bbox 449 924 616 969; x_wconf 89' lang='lat' dir='ltr'><strong>divinae</strong></span> <span class='ocrx_word' id='word_1_58' title='bbox 647 923 883 986; x_wconf 75' lang='lat' dir='ltr'><strong>placandae</strong></span> <span class='ocrx_word' id='word_1_59' title='bbox 922 923 1058 986; x_wconf 88' lang='lat' dir='ltr'><strong>gratia</strong></span> <span class='ocrx_word' id='word_1_60' title='bbox 1096 923 1337 986; x_wconf 87' lang='lat' dir='ltr'><strong>composita</strong></span> <span class='ocrx_word' id='word_1_61' title='bbox 1379 922 1467 967; x_wconf 90' lang='lat' dir='ltr'><strong>suis</strong></span> 
     </span>
     <span class='ocr_line' id='line_1_12' title="bbox 107 997 1469 1063; baseline -0.001 -19"><span class='ocrx_word' id='word_1_62' title='bbox 107 999 213 1045; x_wconf 90' lang='lat' dir='ltr'><strong>iocis</strong></span> <span class='ocrx_word' id='word_1_63' title='bbox 251 998 481 1063; x_wconf 83' lang='lat' dir='ltr'><strong>exceperit,</strong></span> <span class='ocrx_word' id='word_1_64' title='bbox 520 998 709 1062; x_wconf 85' lang='lat' dir='ltr'><strong>coepisse</strong></span> <span class='ocrx_word' id='word_1_65' title='bbox 749 1009 894 1044; x_wconf 87' lang='lat' dir='ltr'><strong>narrat</strong></span> <span class='ocrx_word' id='word_1_66' title='bbox 941 998 1006 1043; x_wconf 88' lang='lat' dir='ltr'><strong>his</strong></span> <span class='ocrx_word' id='word_1_67' title='bbox 1048 998 1212 1044; x_wconf 83' lang='lat' dir='ltr'><strong>verbis:</strong></span> <span class='ocrx_word' id='word_1_68' title='bbox 1273 997 1469 1058; x_wconf 61' lang='lat' dir='ltr'><strong>“Verum</strong></span> 
     </span>
     <span class='ocr_line' id='line_1_13' title="bbox 107 1070 1468 1137; baseline -0.001 -17"><span class='ocrx_word' id='word_1_69' title='bbox 107 1085 154 1120; x_wconf 90' lang='lat' dir='ltr'><strong>ut</strong></span> <span class='ocrx_word' id='word_1_70' title='bbox 195 1085 260 1120; x_wconf 87' lang='lat' dir='ltr'><strong>est</strong></span> <span class='ocrx_word' id='word_1_71' title='bbox 296 1091 391 1120; x_wconf 91' lang='lat' dir='ltr'><strong>mos</strong></span> <span class='ocrx_word' id='word_1_72' title='bbox 432 1074 652 1120; x_wconf 87' lang='lat' dir='ltr'><strong>hominum</strong></span> <span class='ocrx_word' id='word_1_73' title='bbox 693 1074 873 1137; x_wconf 86' lang='lat' dir='ltr'><strong>parvula</strong></span> <span class='ocrx_word' id='word_1_74' title='bbox 915 1074 1035 1119; x_wconf 80' lang='lat' dir='ltr'><strong>initia</strong></span> <span class='ocrx_word' id='word_1_75' title='bbox 1071 1070 1283 1137; x_wconf 51' lang='lat' dir='ltr'><strong>&#39;pertinaci</strong></span> <span class='ocrx_word' id='word_1_76' title='bbox 1326 1073 1468 1119; x_wconf 91' lang='lat' dir='ltr'><strong>studio</strong></span> 
     </span>
     <span class='ocr_line' id='line_1_14' title="bbox 110 1149 1467 1213; baseline -0.001 -19"><span class='ocrx_word' id='word_1_77' title='bbox 110 1149 418 1213; x_wconf 83' lang='lat' dir='ltr'><strong>prosequendi,</strong></span> <span class='ocrx_word' id='word_1_78' title='bbox 454 1149 766 1194; x_wconf 84' lang='lat' dir='ltr'><strong>venerabilibus</strong></span> <span class='ocrx_word' id='word_1_79' title='bbox 807 1167 909 1211; x_wconf 86' lang='lat' dir='ltr'><strong>erga</strong></span> <span class='ocrx_word' id='word_1_80' title='bbox 948 1149 1051 1194; x_wconf 91' lang='lat' dir='ltr'><strong>deos</strong></span> <span class='ocrx_word' id='word_1_81' title='bbox 1089 1149 1230 1194; x_wconf 88' lang='lat' dir='ltr'><strong>verbis</strong></span> <span class='ocrx_word' id='word_1_82' title='bbox 1271 1149 1467 1195; x_wconf 88' lang='lat' dir='ltr'><strong>iuventus</strong></span> 
     </span>
     <span class='ocr_line' id='line_1_15' title="bbox 110 1223 1469 1286; baseline 0 -17"><span class='ocrx_word' id='word_1_83' title='bbox 110 1224 206 1269; x_wconf 92' lang='lat' dir='ltr'><strong>rudi</strong></span> <span class='ocrx_word' id='word_1_84' title='bbox 237 1235 362 1285; x_wconf 89' lang='lat' dir='ltr'><strong>atque</strong></span> <span class='ocrx_word' id='word_1_85' title='bbox 393 1223 675 1285; x_wconf 77' lang='lat' dir='ltr'><strong>incomposito</strong></span> <span class='ocrx_word' id='word_1_86' title='bbox 707 1234 825 1268; x_wconf 90' lang='lat' dir='ltr'><strong>motu</strong></span> <span class='ocrx_word' id='word_1_87' title='bbox 863 1239 1087 1285; x_wconf 87' lang='lat' dir='ltr'><strong>corporum</strong></span> <span class='ocrx_word' id='word_1_88' title='bbox 1121 1223 1361 1268; x_wconf 87' lang='lat' dir='ltr'><strong>iocabunda</strong></span> <span class='ocrx_word' id='word_1_89' title='bbox 1396 1241 1469 1286; x_wconf 86' lang='lat' dir='ltr'><strong>ge-</strong></span> 
     </span>
     <span class='ocr_line' id='line_1_16' title="bbox 113 1296 1474 1359; baseline -0.001 -15"><span class='ocrx_word' id='word_1_90' title='bbox 113 1309 200 1344; x_wconf 85' lang='lat' dir='ltr'><strong>stus</strong></span> <span class='ocrx_word' id='word_1_91' title='bbox 232 1297 398 1343; x_wconf 87' lang='lat' dir='ltr'><strong>adiecit.</strong></span> <span class='ocrx_word' id='word_1_92' title='bbox 459 1297 610 1359; x_wconf 90' lang='lat' dir='ltr'><strong>anue</strong></span> <span class='ocrx_word' id='word_1_93' title='bbox 641 1315 708 1343; x_wconf 89' lang='lat' dir='ltr'><strong>res</strong></span> <span class='ocrx_word' id='word_1_94' title='bbox 738 1297 900 1341; x_wconf 91' lang='lat' dir='ltr'><strong>ludium</strong></span> <span class='ocrx_word' id='word_1_95' title='bbox 932 1314 983 1341; x_wconf 80' lang='lat' dir='ltr'><strong>ex</strong></span> <span class='ocrx_word' id='word_1_96' title='bbox 1013 1296 1190 1341; x_wconf 83' lang='lat' dir='ltr'><strong>Etruria</strong></span> <span class='ocrx_word' id='word_1_97' title='bbox 1226 1298 1474 1343; x_wconf 87' lang='lat' dir='ltr'><strong>accersendi</strong></span> 
     </span>
     <span class='ocr_line' id='line_1_17' title="bbox 115 1371 1475 1433; baseline -0.001 -15"><span class='ocrx_word' id='word_1_98' title='bbox 115 1389 288 1418; x_wconf 89' lang='lat' dir='ltr'><strong>causam</strong></span> <span class='ocrx_word' id='word_1_99' title='bbox 320 1372 551 1433; x_wconf 87' lang='lat' dir='ltr'><strong>praebuit.’&#39;</strong></span> <span class='ocrx_word' id='word_1_100' title='bbox 613 1371 753 1416; x_wconf 90' lang='lat' dir='ltr'><strong>Huius</strong></span> <span class='ocrx_word' id='word_1_101' title='bbox 774 1371 973 1417; x_wconf 88' lang='lat' dir='ltr'><strong>decoram</strong></span> <span class='ocrx_word' id='word_1_102' title='bbox 993 1371 1299 1433; x_wconf 85' lang='lat' dir='ltr'><strong>pernicitatem,</strong></span> <span class='ocrx_word' id='word_1_103' title='bbox 1324 1372 1475 1417; x_wconf 89' lang='lat' dir='ltr'><strong>deinde</strong></span> 
     </span>
     <span class='ocr_line' id='line_1_18' title="bbox 115 1445 1475 1510; baseline 0.001 -20"><span class='ocrx_word' id='word_1_104' title='bbox 115 1445 271 1510; x_wconf 87' lang='lat' dir='ltr'><strong>pergit,</strong></span> <span class='ocrx_word' id='word_1_105' title='bbox 302 1456 468 1491; x_wconf 89' lang='lat' dir='ltr'><strong>vetusto</strong></span> <span class='ocrx_word' id='word_1_106' title='bbox 500 1463 551 1491; x_wconf 86' lang='lat' dir='ltr'><strong>ex</strong></span> <span class='ocrx_word' id='word_1_107' title='bbox 581 1462 700 1491; x_wconf 89' lang='lat' dir='ltr'><strong>more</strong></span> <span class='ocrx_word' id='word_1_108' title='bbox 723 1446 928 1493; x_wconf 87' lang='lat' dir='ltr'><strong>Curetum</strong></span> <span class='ocrx_word' id='word_1_109' title='bbox 948 1445 1264 1509; x_wconf 84' lang='lat' dir='ltr'><strong>Lydorumque,</strong></span> <span class='ocrx_word' id='word_1_110' title='bbox 1287 1447 1475 1493; x_wconf 89' lang='lat' dir='ltr'><strong>novitate</strong></span> 
     </span>
     <span class='ocr_line' id='line_1_19' title="bbox 116 1520 1477 1584; baseline 0.001 -19"><span class='ocrx_word' id='word_1_111' title='bbox 116 1532 240 1583; x_wconf 84' lang='lat' dir='ltr'><strong>grata</strong></span> <span class='ocrx_word' id='word_1_112' title='bbox 261 1520 560 1566; x_wconf 89' lang='lat' dir='ltr'><strong>Romanorum</strong></span> <span class='ocrx_word' id='word_1_113' title='bbox 581 1521 726 1566; x_wconf 89' lang='lat' dir='ltr'><strong>oculos</strong></span> <span class='ocrx_word' id='word_1_114' title='bbox 754 1522 1045 1584; x_wconf 87' lang='lat' dir='ltr'><strong>permulsisse.</strong></span> <span class='ocrx_word' id='word_1_115' title='bbox 1107 1522 1348 1567; x_wconf 80' lang='lat' dir='ltr'><strong>Secundum</strong></span> <span class='ocrx_word' id='word_1_116' title='bbox 1366 1522 1477 1568; x_wconf 87' lang='lat' dir='ltr'><strong>hanc</strong></span> 
     </span>
     <span class='ocr_line' id='line_1_20' title="bbox 116 1593 1474 1658; baseline 0 -17"><span class='ocrx_word' id='word_1_117' title='bbox 116 1593 285 1642; x_wconf 83' lang='lat' dir='ltr'><strong>Valerii</strong></span> <span class='ocrx_word' id='word_1_118' title='bbox 322 1595 611 1640; x_wconf 85' lang='lat' dir='ltr'><strong>narrationem</strong></span> <span class='ocrx_word' id='word_1_119' title='bbox 648 1595 842 1641; x_wconf 89' lang='lat' dir='ltr'><strong>ludiones</strong></span> <span class='ocrx_word' id='word_1_120' title='bbox 885 1595 1037 1652; x_wconf 89' lang='lat' dir='ltr'><strong>Tusci,</strong></span> <span class='ocrx_word' id='word_1_121' title='bbox 1071 1612 1176 1658; x_wconf 89' lang='lat' dir='ltr'><strong>quos</strong></span> <span class='ocrx_word' id='word_1_122' title='bbox 1209 1594 1359 1641; x_wconf 85' lang='lat' dir='ltr'><strong>Livius</strong></span> <span class='ocrx_word' id='word_1_123' title='bbox 1401 1613 1474 1641; x_wconf 86' lang='lat' dir='ltr'><strong>eo-</strong></span> 
     </span>
     <span class='ocr_line' id='line_1_21' title="bbox 116 1669 1476 1731; baseline 0.002 -17"><span class='ocrx_word' id='word_1_124' title='bbox 116 1669 215 1714; x_wconf 87' lang='lat' dir='ltr'><strong>dem</strong></span> <span class='ocrx_word' id='word_1_125' title='bbox 245 1686 372 1724; x_wconf 91' lang='lat' dir='ltr'><strong>anno,</strong></span> <span class='ocrx_word' id='word_1_126' title='bbox 406 1687 489 1731; x_wconf 94' lang='lat' dir='ltr'><strong>quo</strong></span> <span class='ocrx_word' id='word_1_127' title='bbox 521 1670 693 1715; x_wconf 85' lang='lat' dir='ltr'><strong>morbus</strong></span> <span class='ocrx_word' id='word_1_128' title='bbox 714 1670 939 1715; x_wconf 91' lang='lat' dir='ltr'><strong>Romanos</strong></span> <span class='ocrx_word' id='word_1_129' title='bbox 962 1682 1142 1727; x_wconf 87' lang='lat' dir='ltr'><strong>vexaret,</strong></span> <span class='ocrx_word' id='word_1_130' title='bbox 1166 1681 1359 1716; x_wconf 89' lang='lat' dir='ltr'><strong>auctores</strong></span> <span class='ocrx_word' id='word_1_131' title='bbox 1384 1688 1476 1717; x_wconf 88' lang='lat' dir='ltr'><strong>sce-</strong></span> 
     </span>
     <span class='ocr_line' id='line_1_22' title="bbox 118 1743 1477 1809; baseline 0.002 -20"><span class='ocrx_word' id='word_1_132' title='bbox 118 1743 308 1790; x_wconf 88' lang='lat' dir='ltr'><strong>nieorum</strong></span> <span class='ocrx_word' id='word_1_133' title='bbox 346 1743 544 1791; x_wconf 87' lang='lat' dir='ltr'><strong>ludorum</strong></span> <span class='ocrx_word' id='word_1_134' title='bbox 584 1744 715 1791; x_wconf 87' lang='lat' dir='ltr'><strong>fuisse</strong></span> <span class='ocrx_word' id='word_1_135' title='bbox 753 1745 899 1801; x_wconf 87' lang='lat' dir='ltr'><strong>tradit,</strong></span> <span class='ocrx_word' id='word_1_136' title='bbox 932 1746 1095 1791; x_wconf 88' lang='lat' dir='ltr'><strong>addens</strong></span> <span class='ocrx_word' id='word_1_137' title='bbox 1133 1746 1342 1809; x_wconf 86' lang='lat' dir='ltr'><strong>principia</strong></span> <span class='ocrx_word' id='word_1_138' title='bbox 1379 1747 1477 1809; x_wconf 87' lang='lat' dir='ltr'><strong>ipsa</strong></span> 
     </span>
     <span class='ocr_line' id='line_1_23' title="bbox 120 1815 1478 1883; baseline 0.002 -19"><span class='ocrx_word' id='word_1_139' title='bbox 120 1819 223 1864; x_wconf 91' lang='lat' dir='ltr'><strong>artis</strong></span> <span class='ocrx_word' id='word_1_140' title='bbox 263 1820 488 1882; x_wconf 80' lang='lat' dir='ltr'><strong>peregrina</strong></span> <span class='ocrx_word' id='word_1_141' title='bbox 526 1815 680 1876; x_wconf 82' lang='lat' dir='ltr'><strong>fuisse,</strong></span> <span class='ocrx_word' id='word_1_142' title='bbox 718 1831 821 1883; x_wconf 89' lang='lat' dir='ltr'><strong>post</strong></span> <span class='ocrx_word' id='word_1_143' title='bbox 856 1819 1012 1866; x_wconf 93' lang='lat' dir='ltr'><strong>multos</strong></span> <span class='ocrx_word' id='word_1_144' title='bbox 1045 1837 1181 1865; x_wconf 91' lang='lat' dir='ltr'><strong>annos</strong></span> <span class='ocrx_word' id='word_1_145' title='bbox 1212 1821 1350 1867; x_wconf 89' lang='lat' dir='ltr'><strong>vocati</strong></span> <span class='ocrx_word' id='word_1_146' title='bbox 1381 1839 1478 1868; x_wconf 88' lang='lat' dir='ltr'><strong>esse</strong></span> 
     </span>
     <span class='ocr_line' id='line_1_24' title="bbox 122 1894 1477 1959; baseline 0.001 -20"><span class='ocrx_word' id='word_1_147' title='bbox 122 1904 364 1956; x_wconf 87' lang='lat' dir='ltr'><strong>potuerunt,</strong></span> <span class='ocrx_word' id='word_1_148' title='bbox 397 1905 439 1940; x_wconf 90' lang='lat' dir='ltr'><strong>et</strong></span> <span class='ocrx_word' id='word_1_149' title='bbox 460 1894 714 1958; x_wconf 88' lang='lat' dir='ltr'><strong>spectacula,</strong></span> <span class='ocrx_word' id='word_1_150' title='bbox 738 1895 792 1939; x_wconf 90' lang='lat' dir='ltr'><strong>ob</strong></span> <span class='ocrx_word' id='word_1_151' title='bbox 817 1895 1013 1940; x_wconf 90' lang='lat' dir='ltr'><strong>morbum</strong></span> <span class='ocrx_word' id='word_1_152' title='bbox 1034 1895 1331 1959; x_wconf 90' lang='lat' dir='ltr'><strong>depellendum</strong></span> <span class='ocrx_word' id='word_1_153' title='bbox 1352 1897 1477 1956; x_wconf 81' lang='lat' dir='ltr'><strong>edita,</strong></span> 
     </span>
     <span class='ocr_line' id='line_1_25' title="bbox 122 1969 1482 2036; baseline 0.004 -23"><span class='ocrx_word' id='word_1_154' title='bbox 122 1969 258 2030; x_wconf 87' lang='lat' dir='ltr'><strong>magis</strong></span> <span class='ocrx_word' id='word_1_155' title='bbox 290 1970 493 2016; x_wconf 90' lang='lat' dir='ltr'><strong>accedunt</strong></span> <span class='ocrx_word' id='word_1_156' title='bbox 524 1972 580 2017; x_wconf 91' lang='lat' dir='ltr'><strong>ad</strong></span> <span class='ocrx_word' id='word_1_157' title='bbox 611 1970 806 2034; x_wconf 88' lang='lat' dir='ltr'><strong>antiquos</strong></span> <span class='ocrx_word' id='word_1_158' title='bbox 838 1971 986 2018; x_wconf 88' lang='lat' dir='ltr'><strong>Italiae</strong></span> <span class='ocrx_word' id='word_1_159' title='bbox 1018 1970 1157 2029; x_wconf 88' lang='lat' dir='ltr'><strong>ludos,</strong></span> <span class='ocrx_word' id='word_1_160' title='bbox 1191 1989 1297 2036; x_wconf 88' lang='lat' dir='ltr'><strong>quos</strong></span> <span class='ocrx_word' id='word_1_161' title='bbox 1330 1983 1482 2036; x_wconf 88' lang='lat' dir='ltr'><strong>postea</strong></span> 
     </span>
     <span class='ocr_line' id='line_1_26' title="bbox 127 2041 1482 2111; baseline 0.005 -24"><span class='ocrx_word' id='word_1_162' title='bbox 127 2041 264 2089; x_wconf 92' lang='lat' dir='ltr'><strong>Tusci</strong></span> <span class='ocrx_word' id='word_1_163' title='bbox 296 2056 385 2092; x_wconf 89' lang='lat' dir='ltr'><strong>arte</strong></span> <span class='ocrx_word' id='word_1_164' title='bbox 418 2046 640 2093; x_wconf 85' lang='lat' dir='ltr'><strong>saltatoria</strong></span> <span class='ocrx_word' id='word_1_165' title='bbox 671 2058 890 2093; x_wconf 87' lang='lat' dir='ltr'><strong>exornant.</strong></span> <span class='ocrx_word' id='word_1_166' title='bbox 955 2047 1043 2094; x_wconf 90' lang='lat' dir='ltr'><strong>Sed</strong></span> <span class='ocrx_word' id='word_1_167' title='bbox 1079 2047 1148 2092; x_wconf 84' lang='lat' dir='ltr'><strong>vix</strong></span> <span class='ocrx_word' id='word_1_168' title='bbox 1189 2048 1303 2094; x_wconf 91' lang='lat' dir='ltr'><strong>cr-edi</strong></span> <span class='ocrx_word' id='word_1_169' title='bbox 1341 2059 1482 2111; x_wconf 85' lang='lat' dir='ltr'><strong>potest</strong></span> 
     </span>
     <span class='ocr_line' id='line_1_27' title="bbox 124 2115 1481 2186; baseline 0.006 -25"><span class='ocrx_word' id='word_1_170' title='bbox 124 2115 352 2172; x_wconf 87' lang='lat' dir='ltr'><strong>Romanos</strong></span> <span class='ocrx_word' id='word_1_171' title='bbox 399 2132 488 2166; x_wconf 85' lang='lat' dir='ltr'><strong>tum</strong></span> <span class='ocrx_word' id='word_1_172' title='bbox 529 2122 733 2186; x_wconf 88' lang='lat' dir='ltr'><strong>temporis</strong></span> <span class='ocrx_word' id='word_1_173' title='bbox 775 2139 917 2168; x_wconf 89' lang='lat' dir='ltr'><strong>merae</strong></span> <span class='ocrx_word' id='word_1_174' title='bbox 969 2123 1071 2168; x_wconf 87' lang='lat' dir='ltr'><strong>artis</strong></span> <span class='ocrx_word' id='word_1_175' title='bbox 1114 2140 1241 2169; x_wconf 91' lang='lat' dir='ltr'><strong>causa</strong></span> <span class='ocrx_word' id='word_1_176' title='bbox 1282 2123 1481 2169; x_wconf 85' lang='lat' dir='ltr'><strong>Etruriae</strong></span> 
     </span>
     <span class='ocr_line' id='line_1_28' title="bbox 128 2191 1481 2261; baseline 0.005 -26"><span class='ocrx_word' id='word_1_177' title='bbox 128 2191 329 2240; x_wconf 86' lang='lat' dir='ltr'><strong>auxilium</strong></span> <span class='ocrx_word' id='word_1_178' title='bbox 366 2197 640 2259; x_wconf 87' lang='lat' dir='ltr'><strong>expetivisse,</strong></span> <span class='ocrx_word' id='word_1_179' title='bbox 682 2198 795 2261; x_wconf 91' lang='lat' dir='ltr'><strong>quod</strong></span> <span class='ocrx_word' id='word_1_180' title='bbox 832 2196 1003 2244; x_wconf 88' lang='lat' dir='ltr'><strong>Valerii</strong></span> <span class='ocrx_word' id='word_1_181' title='bbox 1040 2199 1169 2244; x_wconf 88' lang='lat' dir='ltr'><strong>verba</strong></span> <span class='ocrx_word' id='word_1_182' title='bbox 1205 2198 1388 2244; x_wconf 90' lang='lat' dir='ltr'><strong>indicare</strong></span> <span class='ocrx_word' id='word_1_183' title='bbox 1420 2198 1481 2242; x_wconf 85' lang='lat' dir='ltr'><strong>vi-</strong></span> 
     </span>
     <span class='ocr_line' id='line_1_29' title="bbox 127 2267 1483 2337; baseline 0.004 -26"><span class='ocrx_word' id='word_1_184' title='bbox 127 2267 292 2313; x_wconf 85' lang='lat' dir='ltr'><strong>dentur.</strong></span> <span class='ocrx_word' id='word_1_185' title='bbox 356 2269 639 2335; x_wconf 88' lang='lat' dir='ltr'><strong>Tarquinium</strong></span> <span class='ocrx_word' id='word_1_186' title='bbox 670 2273 910 2337; x_wconf 89' lang='lat' dir='ltr'><strong>Superbum</strong></span> <span class='ocrx_word' id='word_1_187' title='bbox 946 2273 1125 2319; x_wconf 89' lang='lat' dir='ltr'><strong>artifices</strong></span> <span class='ocrx_word' id='word_1_188' title='bbox 1168 2284 1210 2318; x_wconf 93' lang='lat' dir='ltr'><strong>et</strong></span> <span class='ocrx_word' id='word_1_189' title='bbox 1247 2272 1390 2317; x_wconf 86' lang='lat' dir='ltr'><strong>fabros</strong></span> <span class='ocrx_word' id='word_1_190' title='bbox 1431 2290 1483 2317; x_wconf 80' lang='lat' dir='ltr'><strong>ex</strong></span> 
     </span>
     <span class='ocr_line' id='line_1_30' title="bbox 126 2340 1482 2407; baseline 0.006 -21"><span class='ocrx_word' id='word_1_191' title='bbox 126 2340 203 2387; x_wconf 86' lang='lat' dir='ltr'><strong>illa</strong></span> <span class='ocrx_word' id='word_1_192' title='bbox 233 2352 358 2401; x_wconf 88' lang='lat' dir='ltr'><strong>terra,</strong></span> <span class='ocrx_word' id='word_1_193' title='bbox 391 2361 498 2407; x_wconf 88' lang='lat' dir='ltr'><strong>quae</strong></span> <span class='ocrx_word' id='word_1_194' title='bbox 532 2347 708 2395; x_wconf 85' lang='lat' dir='ltr'><strong>Graecis</strong></span> <span class='ocrx_word' id='word_1_195' title='bbox 740 2348 898 2394; x_wconf 91' lang='lat' dir='ltr'><strong>artibus</strong></span> <span class='ocrx_word' id='word_1_196' title='bbox 929 2347 1093 2393; x_wconf 90' lang='lat' dir='ltr'><strong>imbuta</strong></span> <span class='ocrx_word' id='word_1_197' title='bbox 1123 2358 1230 2404; x_wconf 90' lang='lat' dir='ltr'><strong>erat,</strong></span> <span class='ocrx_word' id='word_1_198' title='bbox 1268 2346 1352 2392; x_wconf 87' lang='lat' dir='ltr'><strong>iam</strong></span> <span class='ocrx_word' id='word_1_199' title='bbox 1384 2357 1482 2394; x_wconf 88' lang='lat' dir='ltr'><strong>ante</strong></span> 
     </span>
     <span class='ocr_line' id='line_1_31' title="bbox 132 2419 1484 2487; baseline 0.005 -25"><span class='ocrx_word' id='word_1_200' title='bbox 132 2434 337 2465; x_wconf 86' lang='lat' dir='ltr'><strong>evocasse</strong></span> <span class='ocrx_word' id='word_1_201' title='bbox 371 2419 490 2474; x_wconf 89' lang='lat' dir='ltr'><strong>(Liv.</strong></span> <span class='ocrx_word' id='word_1_202' title='bbox 512 2423 546 2468; x_wconf 94' lang='grc' dir='ltr'><strong>Ι.</strong></span> <span class='ocrx_word' id='word_1_203' title='bbox 571 2425 677 2481; x_wconf 79' lang='lat'><strong>56.)‚</strong></span> <span class='ocrx_word' id='word_1_204' title='bbox 709 2440 797 2469; x_wconf 91' lang='lat' dir='ltr'><strong>non</strong></span> <span class='ocrx_word' id='word_1_205' title='bbox 827 2435 892 2470; x_wconf 86' lang='lat' dir='ltr'><strong>est</strong></span> <span class='ocrx_word' id='word_1_206' title='bbox 924 2423 1039 2487; x_wconf 90' lang='lat' dir='ltr'><strong>quod</strong></span> <span class='ocrx_word' id='word_1_207' title='bbox 1070 2434 1215 2470; x_wconf 85' lang='lat' dir='ltr'><strong>contra</strong></span> <span class='ocrx_word' id='word_1_208' title='bbox 1246 2440 1385 2468; x_wconf 91' lang='lat' dir='ltr'><strong>meam</strong></span> <span class='ocrx_word' id='word_1_209' title='bbox 1415 2441 1484 2469; x_wconf 89' lang='lat' dir='ltr'><strong>ra-</strong></span> 
     </span>
     <span class='ocr_line' id='line_1_32' title="bbox 129 2492 1485 2562; baseline 0.005 -24"><span class='ocrx_word' id='word_1_210' title='bbox 129 2492 290 2540; x_wconf 84' lang='lat' dir='ltr'><strong>tionem</strong></span> <span class='ocrx_word' id='word_1_211' title='bbox 320 2507 467 2554; x_wconf 87' lang='lat' dir='ltr'><strong>certet,</strong></span> <span class='ocrx_word' id='word_1_212' title='bbox 500 2499 599 2561; x_wconf 85' lang='lat' dir='ltr'><strong>quia</strong></span> <span class='ocrx_word' id='word_1_213' title='bbox 639 2517 713 2545; x_wconf 86' lang='lat' dir='ltr'><strong>rex</strong></span> <span class='ocrx_word' id='word_1_214' title='bbox 751 2498 1047 2548; x_wconf 89' lang='lat' dir='ltr'><strong>Romanorum</strong></span> <span class='ocrx_word' id='word_1_215' title='bbox 1086 2515 1171 2543; x_wconf 89' lang='lat' dir='ltr'><strong>non</strong></span> <span class='ocrx_word' id='word_1_216' title='bbox 1207 2509 1253 2543; x_wconf 90' lang='lat' dir='ltr'><strong>ut</strong></span> <span class='ocrx_word' id='word_1_217' title='bbox 1288 2498 1485 2562; x_wconf 86' lang='lat' dir='ltr'><strong>volupta-</strong></span> 
     </span>
     <span class='ocr_line' id='line_1_33' title="bbox 134 2573 1486 2637; baseline 0.007 -27"><span class='ocrx_word' id='word_1_218' title='bbox 134 2576 219 2613; x_wconf 79' lang='lat' dir='ltr'><strong>tem</strong></span> <span class='ocrx_word' id='word_1_219' title='bbox 249 2583 421 2634; x_wconf 85' lang='lat' dir='ltr'><strong>pararet</strong></span> <span class='ocrx_word' id='word_1_220' title='bbox 450 2575 626 2636; x_wconf 89' lang='lat' dir='ltr'><strong>populo,</strong></span> <span class='ocrx_word' id='word_1_221' title='bbox 657 2576 731 2621; x_wconf 82' lang='lat' dir='ltr'><strong>sed</strong></span> <span class='ocrx_word' id='word_1_222' title='bbox 761 2586 808 2620; x_wconf 93' lang='lat' dir='ltr'><strong>ut</strong></span> <span class='ocrx_word' id='word_1_223' title='bbox 839 2576 917 2621; x_wconf 88' lang='lat' dir='ltr'><strong>diis</strong></span> <span class='ocrx_word' id='word_1_224' title='bbox 948 2573 1108 2637; x_wconf 86' lang='lat' dir='ltr'><strong>templa</strong></span> <span class='ocrx_word' id='word_1_225' title='bbox 1137 2585 1327 2630; x_wconf 87' lang='lat' dir='ltr'><strong>strueret,</strong></span> <span class='ocrx_word' id='word_1_226' title='bbox 1363 2592 1486 2637; x_wconf 72' lang='lat' dir='ltr'><strong>pere-</strong></span> 
     </span>
     <span class='ocr_line' id='line_1_34' title="bbox 130 2641 1488 2714; baseline 0.004 -23"><span class='ocrx_word' id='word_1_227' title='bbox 130 2641 255 2701; x_wconf 83' lang='lat' dir='ltr'><strong>grina</strong></span> <span class='ocrx_word' id='word_1_228' title='bbox 285 2646 460 2695; x_wconf 87' lang='lat' dir='ltr'><strong>scientia</strong></span> <span class='ocrx_word' id='word_1_229' title='bbox 488 2649 551 2696; x_wconf 91' lang='lat' dir='ltr'><strong>uti</strong></span> <span class='ocrx_word' id='word_1_230' title='bbox 580 2649 765 2698; x_wconf 86' lang='lat' dir='ltr'><strong>volebat.</strong></span> <span class='ocrx_word' id='word_1_231' title='bbox 825 2649 988 2699; x_wconf 81' lang='lat' dir='ltr'><strong>Postea</strong></span> <span class='ocrx_word' id='word_1_232' title='bbox 1017 2660 1160 2697; x_wconf 87' lang='lat' dir='ltr'><strong>autem</strong></span> <span class='ocrx_word' id='word_1_233' title='bbox 1181 2666 1349 2714; x_wconf 90' lang='lat' dir='ltr'><strong>semper</strong></span> <span class='ocrx_word' id='word_1_234' title='bbox 1369 2650 1488 2713; x_wconf 83' lang='lat' dir='ltr'><strong>gravi</strong></span> 
     </span>
    </p>
   </div>
  </div>
 </body>
</html>
