1730 3015
812 188 891 251 89

175 343 238 402 stitv
260 342 481 402 Medeam,
513 353 556 390 ct
583 352 914 389 retractaverunt
944 343 1126 389 eandem
1164 342 1379 389 Pacuvius
1413 343 1533 397 (Ma-

173 419 289 466 crob.
320 416 439 467 Non.
471 416 716 474 Priscian.)‚
755 409 910 463 Accius
944 415 1080 472 (Non.
1110 418 1255 465 multis
1294 417 1434 474 locis),
1465 418 1533 463 M.

170 491 318 539 Varro
351 490 519 549 (Nom),
552 490 753 537 Ovidius,
784 518 842 526 —-
905 490 1028 551 Quid
1041 492 1205 554 igitur,
1236 510 1339 538 num
1371 510 1422 538 ex
1454 491 1535 538 hoc

169 567 414 631 fabularum
452 566 560 612 serie
601 564 741 610 solam
776 564 979 628 Equum
1018 566 1311 614 Troianum
1349 568 1532 632 excipia-

168 659 287 700 mus,
320 658 427 706 quae
460 657 486 686 a
516 637 689 686 Naevio
732 649 959 685 retractata
997 656 1086 686 non
1115 641 1196 688 sit?
1241 640 1397 706 Neque
1434 641 1531 689 No-

167 718 287 764 nium
326 735 463 780 neque
505 713 787 761 Mam-obium·
820 714 1112 776 castigandum
1151 734 1322 773 censeo,
1354 729 1396 763 et
1438 735 1531 763 om-

167 810 267 838 nem
302 791 512 853 reliquam
552 787 843 834 difficultatem
883 788 944 833 sic
984 788 1079 833 tolli
1116 790 1330 836 existimo:
1380 791 1529 837 Livius

168 865 410 928 composuit
439 864 644 926 Equum
682 861 987 920 Troianum,
1020 864 1171 910 deinde
1202 862 1395 911 Naevius
1428 884 1528 913 ean-

168 941 267 986 dem
298 939 453 996 docuit‚
485 950 526 984 et
545 949 709 1002 postea,
733 937 954 984 Ciceronis
986 949 1138 995 aetate,
1172 940 1317 985 tertius
1341 939 1537 1003 quidam}

167 1014 233 1061 cui
262 1014 368 1061 haec
403 1013 549 1080 fabula
578 1028 604 1059 a
634 1012 864 1072 Romanis,
898 1015 970 1077 qui
1003 1013 1201 1060 Troiano
1243 1015 1449 1077 sanguine
1483 1033 1528 1064 se

166 1100 283 1135 ortos
302 1090 553 1147 crederent,
587 1100 696 1135 certe
729 1106 896 1136 summo
929 1090 1069 1135 studio
1101 1100 1291 1153 spectata
1316 1089 1431 1136 haud
1460 1090 1526 1136 in-

166 1165 392 1220 commoda
423 1164 516 1210 visa
547 1176 625 1222 est,
650 1181 757 1227 quae
789 1164 932 1211 multis
965 1165 1134 1229 pompis
1166 1177 1400 1221 ornaretur,
1430 1183 1527 1211 eam

166 1240 223 1286 ad
253 1239 412 1287 saeculi
443 1240 508 1285 sui
542 1239 760 1301 ingenium
791 1237 1094 1294 commutatam
1129 1241 1366 1295 revocavit3
1398 1252 1440 1286 ct
1474 1241 1527 1286 de

163 1313 245 1362 hac
273 1315 530 1372 novissima,
561 1331 651 1360 non
681 1315 732 1359 de
765 1313 967 1359 alterutra
1003 1314 1195 1377 priorum
1232 1316 1419 1377 loquitur
1451 1316 1526 1362 Ci—

163 1407 274 1437 cero.
336 1390 483 1454 Itaque
516 1388 700 1446 concidit
731 1389 846 1434 aliud
869 1406 1038 1452 quoquc
1072 1400 1380 1452 argumentum,
1414 1391 1529 1453 quod

161 1482 265 1529 prae
297 1465 445 1511 ceteris
481 1464 670 1510 Osanno
700 1464 1005 1526 impedimento
1044 1463 1175 1509 fuisse
1206 1465 1390 1521 videtur,
1424 1481 1526 1526 quo·

159 1539 302 1586 minus
333 1538 554 1585 veritatem
584 1549 794 1595 cerneret,
824 1538 1094 1600 desumptum
1126 1537 1283 1583 scilicet
1313 1556 1364 1583 ex
1402 1538 1524 1585 Cice-

159 1614 277 1660 ronis
309 1613 464 1670 verbis,
496 1613 553 1658 ad
582 1612 704 1658 Fam.
726 1612 841 1676 Epp.
865 1611 972 1661 VII.
998 1612 1072 1657 16:
1103 1612 1186 1668 „In
1216 1612 1362 1675 Equo
1393 1611 1522 1660 Tro·-

159 1690 281 1736 iano
323 1688 407 1734 scis
451 1705 544 1733 esse
586 1688 632 1733 in
672 1698 879 1733 extremo:
912 1688 1038 1733 Sero
1071 1688 1335 1751 sapiunt3''
1367 1689 1521 1751 quibus

160 1764 452 1811 demonstrare
484 1762 593 1820 vult,
626 1762 678 1808 de
711 1762 873 1808 duobus
906 1762 1095 1808 eiusdem
1130 1761 1299 1808 fabulae
1337 1764 1520 1809 auctori-

158 1840 239 1887 bus
263 1838 406 1903 quaeri
435 1856 524 1883 non
553 1854 696 1901 posse,
730 1855 858 1901 quum
881 1837 1031 1883 Cicero
1064 1849 1209 1902 aperte
1230 1855 1359 1884 unam
1381 1839 1518 1884 omni-

157 1914 239 1970 bus
270 1925 417 1960 notam
449 1913 718 1976 significaret.
781 1911 936 1958 Recte!
970 1913 1047 1958 sed
1078 1929 1171 1959 eam
1213 1912 1359 1959 laudat
1390 1931 1521 1977 quam

160 2005 237 2033 sua
266 1999 403 2034 aetate
437 2005 583 2034 omnes
623 1997 937 2050 spectaverant,
969 1998 1012 2034 et
1043 2005 1150 2050 quae
1182 1988 1372 2034 omnium
1401 2006 1518 2034 men·

157 2062 280 2108 tibus
300 2062 550 2109 inhaerebat
578 2078 739 2109 recens.

275 2137 457 2198 Augusti
487 2148 624 2183 aetate
644 2136 759 2182 Livii
787 2136 959 2182 fabulae
990 2154 1017 2182 a
1046 2138 1266 2199 magistris
1287 2138 1342 2182 ad
1363 2153 1514 2199 pueros

157 2193 410 2259 erudiendos
442 2211 657 2259 adhibitae
688 2228 779 2258 esse
811 2211 1018 2269 videntur,
1051 2212 1257 2258 Horatius
1290 2211 1401 2257 enim
1434 2210 1516 2257 sibi

155 2303 288 2353 puero
326 2287 515 2333 carmina
550 2286 666 2333 Livii
716 2304 742 2332 a
781 2287 964 2350 plagoso
1010 2287 1182 2333 Orbilio
1221 2287 1376 2331 dictata
1417 2303 1513 2332 esse

155 2362 283 2411 refert
328 2362 374 2409 in
402 2361 521 2427 Epp.
542 2362 598 2410 II.
625 2374 661 2421 1,
682 2372 736 2418 71
779 2368 833 2416 ¹).
876 2362 1075 2409 Ceterum
1113 2379 1248 2425 neque
1279 2361 1324 2408 in
1354 2378 1513 2425 magno

250 2516 291 2565 ἔ)
318 2518 432 2553 Illum
463 2519 595 2553 locum
633 2516 800 2554 Bentleii
838 2519 1075 2563 coniectura,
1109 2529 1185 2567 qua
1216 2515 1361 2553 Laevi
1396 2515 1515 2553 scribi

153 2575 263 2613 iubet
276 2587 356 2626 vpro
371 2577 494 2622 Livi,
524 2578 662 2614 frustra
686 2576 882 2614 turbatum
900 2590 991 2622 esse,
1011 2578 1087 2613 iam
1109 2577 1177 2613 alii
1196 2583 1445 2613 monuerunt.
1465 2596 1513 2604 —

154 2634 291 2683 Naevii
318 2649 474 2687 quoque
499 2637 640 2686 scripta
667 2636 711 2673 in
734 2636 837 2675 ludis
869 2648 1077 2686 puerorum
1110 2636 1227 2674 fuisse
1260 2635 1430 2673 coniicio
1463 2649 1515 2674 ex

152 2702 193 2728 v.
218 2695 276 2732 53.
302 2696 478 2734 eiusdem
502 2688 562 2746 ep.

1206 2764 1227 2801 7
