1730 3015
926 101 1009 165 56

285 254 481 301 additum
504 254 578 312 sit,
618 252 810 316 aliquam
838 242 1305 307 fabulam‘Atellanam
1334 268 1469 311 esse,-
1492 252 1643 300 merito

286 328 520 385 dubitetur,
562 328 629 374 cui
671 328 829 391 speciei
866 345 1057 392 quaeque
1094 329 1303 387 tribuatur
1322 328 1382 388 *).
1456 326 1518 373 Et
1570 345 1645 373 ue·-

284 403 375 450 scio
408 402 623 466 quomodo
641 402 811 458 ,factum
841 403 910 461 sit,
942 414 987 450 ut
1016 405 1282 469 conspirasse
1320 401 1544 448 videantur
1573 419 1645 448 ve-

285 489 392 522 teres
423 478 480 522 ad
499 477 741 539 indagantis
763 477 956 524 laborem
975 480 1233 526 vexandum:
1266 477 1496 525 Suetonius
1517 476 1645 533 enim,

283 551 550 609 Priscianus,
598 552 838 610 Charisius,
885 554 972 612 alii,
1007 555 1093 618 ³qui
1138 572 1190 600 cx
1226 552 1395 599 illorum
1424 563 1661 615 poetarum

284 625 569 672 Atellanis
602 644 752 674 versus
784 628 984 686 laudant,
1006 628 1204 694 ¹speciem
1241 626 1369 673 modo
1409 625 1650 672 fabularum

287 700 542 763 significant,
575 703 738 748 omisso
769 703 954 760 nomine,
988 721 1072 766 quo
1104 720 1295 765 quaeque
1322 701 1524 763 inscripta
1545 710 1648 755 erat.

287 773 456 820 Gellius
503 777 717 839 quaedam
757 778 932 823 nomina
975 777 1199 840 apposuit,
1247 786 1289 822 et
1327 775 1438 821 inter
1479 774 1564 821 alia
1603 773 1651 819 in

287 846 420 895 Noct.
454 851 541 896 Att.
564 850 691 896 XVI.
713 851 755 895 6.
800 851 901 896 citat
928 851 1165 913 Pomponii
1204 849 1492 896 Bononiensis
1526 847 1650 894 Gal-

286 922 368 969 los
413 923 830 987 Transalpinos,
878 942 1005 988 quam
1036 924 1228 971 fabulam
1264 923 1515 971 Atellanam
1555 940 1651 971 esse

288 998 415 1043 docet
445 998 750 1044 sententiarum
780 1016 927 1045 nexus,
989 999 1050 1044 At
1078 998 1201 1046 huius
1235 1008 1530 1060 argumentum
1549 1014 1650 1061 pro-

286 1072 354 1119 cul
385 1072 514 1118 dubio
548 1071 703 1118 Gallos
747 1072 1004 1118 continebat.
1065 1072 1262 1130 Deinde,
1308 1090 1437 1135 quum
1479 1090 1531 1118 ex
1574 1089 1651 1118 no-

287 1146 402 1190 mine
435 1145 635 1193 ludorum
667 1146 885 1193 Oscorum
922 1147 1177 1193 coniecimus
1208 1158 1501 1209 argumentum
1531 1146 1652 1192 Atel-

289 1219 487 1267 lanarum
520 1222 688 1266 Oscum
719 1238 829 1278 esse,
866 1221 928 1266 nil
959 1221 1151 1285 impedit,
1194 1221 1297 1283 quin
1320 1220 1536 1283 generale
1576 1237 1653 1266 ar·-

290 1306 537 1357 gumentum
567 1294 773 1341 Latinum
803 1295 908 1359 ipsis
942 1295 1089 1342 demus
1133 1296 1381 1342 auctoritate
1411 1296 1652 1353 Diomedis,

290 1370 363 1432 qui
393 1368 575 1416 Latinas
604 1370 772 1416 fabulas
804 1388 876 1416 cas
908 1370 1112 1433 appellat.
1173 1371 1222 1417 Si
1252 1388 1354 1416 vero
1392 1370 1652 1417 Diomedem

287 1455 462 1489 nostras
502 1443 673 1490 fabulas
716 1445 778 1491 ita
807 1446 935 1492 modo
977 1438 1157 1491 Latinas
1203 1445 1341 1491 dicere
1372 1456 1512 1509 putas,
1552 1456 1655 1492 uta

288 1517 471 1564 Graecis
493 1519 829 1581 distinguantur,
873 1532 1099 1576 memento,
1141 1520 1266 1566 ctiam
1298 1520 1555 1566 contrarium
1585 1536 1654 1566 ar-

293 1605 539 1655 gumentum
570 1610 658 1640 non
688 1595 945 1642 firmioribus
976 1606 1089 1642 stare
1122 1594 1387 1650 taliersci
1418 1595 1534 1641 enim
1565 1594 1655 1643 ludi

291 1669 503 1714 nominari
545 1680 746 1732 poterant
774 1681 951 1733 propter
989 1669 1129 1722 solam
1171 1669 1390 1732 originem.
1452 1670 1505 1715 In
1540 1669 1655 1732 frag-

289 1754 435 1789 mento
468 1743 649 1805 denique
683 1742 835 1789 Titinii
873 1762 969 1790 cum
1001 1744 1130 1791 Oscis
1169 1743 1329 1789 Volsci
1369 1760 1537 1806 quoquc
1577 1760 1654 1789 no-

290 1818 521 1875 minantur,
555 1829 597 1864 et
618 1818 778 1864 Strabo
800 1819 998 1865 Ausones
1031 1818 1163 1875 addit,
1194 1817 1425 1881 ludumque
1458 1814 1656 1883 πάτριόν

292 1913 398 1940 τινα
429 1892 590 1953 ἀγῶνα
622 1891 795 1955 apellat.
827 1920 886 1925 —
946 1892 1079 1952 Quod
1110 1892 1162 1937 de
1203 1892 1349 1954 lingua
1382 1893 1506 1939 Osca
1542 1893 1655 1939 idem

295 1967 493 2023 affirmat,
532 1983 632 2012 sane
663 1965 780 2012 haud
811 1965 1099 2029 spernendum
1131 1976 1196 2012 est
1225 1966 1524 2023 testimonium,
1569 1984 1653 2031 quo

298 2052 443 2087 tamen
472 2040 647 2104 probari
676 2039 835 2101 nequit,
867 2038 1091 2087 Atellanos
1121 2058 1239 2087 mera
1269 2041 1483 2088 Oscorum
1511 2041 1658 2104 lingua

297 2132 544 2163 usos-esse.
606 2113 706 2160 Hoc
737 2112 850 2159 enim
882 2113 1038 2160 Strabo
1078 2132 1167 2169 non*
1196 2115 1316 2174 dicit,
1356 2134 1492 2181 neque
1532 2116 1655 2180 quid-

298 2208 428 2256 quam
461 2190 548 2235 eius
569 2188 709 2235 verbis
743 2187 1016 2246 detrahimus,
1048 2192 1283 2249 statuendo,
1313 2191 1537 2238 Atellanos
1569 2207 1659 2256 non

296 2284 395 2312 raro
425 2266 592 2313 Oscam
621 2263 812 2326 linguam
840 2262 1108 2312 adhibuisse:
1139 2277 1183 2313 et
1212 2266 1272 2313 sic
1301 2284 1399 2313 vere
1420 2284 1489 2313 res
1512 2283 1558 2314 se
1578 2265 1656 2312 ha-

396 2458 434 2503 ‘)
468 2458 507 2494 C.
541 2459 585 2493 E.
622 2456 839 2494 Schoberus
877 2457 952 2494 hoc
984 2460 1192 2504 non-satis
1229 2459 1447 2498 observavit
1484 2458 1526 2494 in
1563 2458 1656 2495 diss.

299 2528 419 2565 germ.
452 2516 500 2551 de
534 2516 635 2553 ludis
667 2516 861 2554 Atellanis
894 2519 1151 2555 Romanorum
1184 2518 1290 2568 Lips.
1318 2524 1437 2563 1825„
1465 2514 1659 2567 quem‘li-

300 2572 414 2611 btum
438 2574 608 2623 perfecto
633 2575 789 2612 demum
814 2587 902 2613 meo
926 2576 1126 2625 conspexi.
