1730 3015
870 125 954 193 38

235 298 542 347 nonnunquam
580 280 767 327 musicae
811 291 854 328 et
894 281 1018 345 poesi
1045 297 1225 346 operam
1255 279 1440 326 dedisse.
1502 278 1603 327 cfr.

235 357 425 419 Quintil.
440 356 476 402 Ι.
504 365 570 422 10,
588 365 664 411 ·19.
697 355 830 404 Ovid.
860 355 899 402 F
901 367 982 402 ast.
1004 354 1089 402 VI.
1111 356 1213 415 651,
1236 372 1332 420 sqq.

352 432 477 479 Haec
506 429 607 482 fere,
626 438 725 477 sunt
755 447 864 495 quae
895 430 948 477 de
979 430 1182 477 institutis
1205 431 1405 496 antiquis,
1437 429 1483 476 in
1505 431 1598 498 qui-

232 509 313 554 bus
360 507 570 553 elementa
614 506 858 553 dramatum
907 516 1156 563 cernuntur,
1214 507 1354 553 etde
1399 505 1601 551 universa

233 582 357 647 poesi
387 580 699 639 Romanorum,
741 598 849 645 quae
881 579 1053 627 Livium
1094 581 1390 628 Andronicum
1431 587 1599 627 antece-

234 657 388 715 debat,
434 657 616 704 dicenda
651 655 774 703 mihi·
792 655 1058 715 videbantur,
1097 668 1143 703 ut
1179 655 1458 719 intelligatur,
1499 655 1602 720 quid

233 731 427 779 Romani
456 732 543 796 ipsi
573 733 631 778 ad
669 731 968 778 inveniendam
1004 742 1151 789 artem,
1190 732 1243 778 de
1276 748 1360 795 qua
1390 732 1602 777 disserere

232 808 503 872 propositum
542 818 620 864 cst,
656 806 893 853 attulerint.
954 805 1076 852 Rara
1111 806 1306 870 profecto
1347 817 1413 852 et·
1436 805 1600 852 incerta

235 899 365 947 quum
405 882 450 928 in
489 881 603 928 cultu
642 881 819 926 deorum
849 890 939 925 tum
969 879 1014 925 in
1036 880 1134 926 vita
1164 881 1330 943 vulgari
1360 881 1598 927 invenimus

234 958 337 1004 artis
370 955 562 1018 vestigia,
603 971 713 1018 quae
754 972 883 1019 quum
913 970 1114 1017 magnam
1145 967 1312 1020 partem
1342 967 1385 1002 et
1416 973 1473 1011 ex*
1496 972 1600 1020 poc·

234 1033 288 1078 tis
322 1031 405 1094 qui
423 1041 665 1094 temporum
694 1029 902 1075 rationem
941 1047 1093 1092 parum
1132 1041 1286 1076 curant·
1324 1029 1515 1086 collecta,
1559 1039 1602 1074 et

211 1105 485 1151 ‘coniecturis
529 1120 637 1169 quae
679 1120 767 1150 non
799 1120 970 1150 omnem
1000 1104 1310 1151 dubitationem
1341 1103 1496 1151 tollunt
1526 1103 1599 1164 de-

233 1179 344 1230 lecta
375 1176 481 1235 sint,
512 1178 654 1224 iudicii
684 1179 905 1223 veritatem
934 1178 1117 1223 fortasse
1149 1179 1338 1224 eludunt.
1400 1178 1490 1224 Sed
1519 1177 1601 1222 hoe

233 1264 378 1300 tamen
415 1251 612 1298 omnibus
653 1252 908 1316 computatis
950 1269 1030 1315 pro
1068 1264 1182 1299 certo
1222 1264 1408 1309 statuere
1447 1253 1600 1309 audeo,

233 1326 470 1384 Romanis,
502 1344 630 1390 quum
662 1338 797 1372 artem
829 1327 1040 1373 scenicam
1071 1344 1098 1373 a
1129 1327 1308 1374 Graecis
1339 1327 1598 1383 didicissent,

233 1419 322 1448 non
352 1400 539 1448 defuisse
573 1400 688 1465 quod
716 1417 830 1447 novo
873 1401 1046 1448 invento
1082 1402 1137 1448 de
1181 1402 1268 1448 suis
1308 1402 1494 1465 antiquis
1532 1402 1598 1448 in-

233 1477 388 1524 stitutis
431 1477 680 1533 insererent,
724 1487 766 1522 et
796 1494 887 1522 rem
928 1476 1205 1523 dramaticam
1235 1477 1343 1539 ipsis
1383 1492 1473 1521 non
1509 1487 1600 1522 tam

231 1551 505 1616 peregrinam
535 1567 585 1597 ac
616 1566 773 1597 novam
803 1550 1067 1614 apparuisse,
1099 1561 1146 1597 ut
1176 1550 1427 1614 plerumque
1450 1550 1598 1615 opinio

231 1625 335 1680 feru
367 1626 443 1672 sed
472 1642 632 1671 novam
662 1637 788 1681 certe,
829 1637 875 1670 ut
919 1626 1020 1672 dicit
1058 1625 1206 1671 Livius
1227 1625 1331 1672 VII.
1353 1634 1395 1671 2.
1447 1625 1597 1688 Popu-

234 1701 326 1747 lum
366 1700 628 1756 Romanum,
671 1700 752 1746 nisi
792 1699 985 1746 Graecos
1026 1698 1327 1765 praeceptores
1368 1699 1596 1757 habuisset,

232 1792 342 1833 sero,
386 1785 472 1832 aut,
514 1776 629 1838 quod
668 1775 808 1821 verius
850 1785 929 1831 est,
974 1792 1052 1822 suo
1091 1775 1263 1838 ingenio
1282 1773 1513 1837 *nunquam
1541 1792 1596 1821 ne

233 1849 278 1895 id
311 1849 480 1912 quidem
509 1849 741 1914 perfecisse
772 1848 987 1907 existimo,
1034 1866 1118 1914 quo
1150 1868 1262 1897 nunc
1306 1849 1494 1912 aliquam
1530 1847 1595 1895 fa-

231 1939 351 1969 mam
397 1924 507 1970 inter
547 1935 700 1988 poetas
741 1923 824 1969 sibi
871 1925 1148 1989 comparavit.
1173 1948 1248 1960 >—
1312 1923 1447 1984 Quod
1488 1940 1590 1969 vero

234 1997 386 2043 drama
428 1998 642 2044 Graecum
678 1996 889 2055 Romanis
936 2016 963 2045 a
998 2000 1084 2047 suis
1122 2000 1251 2046 rebus
1291 2015 1378 2044 non
1416 2015 1594 2063 prorsus
1646 2048 1652 2053 ,

233 2071 421 2117 alienum
453 2072 591 2118 visum
622 2089 718 2118 esse
762 2074 972 2131 contendi,
1015 2074 1098 2121 hoc
1135 2075 1277 2137 ipsum
1305 2091 1394 2119 non
1424 2073 1594 2118 Roma-

231 2145 299 2192 nis
331 2145 450 2204 solis,
484 2147 563 2193 sed
592 2146 819 2195 maximam
850 2160 1020 2212 partem
1049 2148 1246 2195 Etruscis
1280 2149 1427 2195 deberi
1456 2148 1593 2194 mani-

230 2219 389 2267 festum
426 2232 505 2267 est.
567 2219 687 2268 Nam
728 2234 955 2287 antequam
988 2223 1158 2270 Graeca
1199 2240 1269 2269 ars
1301 2222 1470 2270 Romae
1508 2223 1593 2269 ori-

230 2306 347 2341 retur
357 2315 375 2353 ,·
418 2297 618 2361 antiquos
657 2296 781 2343 ludos
821 2315 909 2345 non
950 2316 1101 2362 parum
1137 2310 1284 2345 auctos
1325 2316 1416 2346 esse
1463 2314 1594 2364 opera

173 2406 176 2410 -
229 2370 525 2430 Etruscorum,
561 2384 825 2436 compertum
846 2372 1065 2432 habemus,
1097 2375 1157 2421 ita
1185 2386 1233 2421 ut
1261 2374 1306 2420 hi
1336 2373 1463 2439 primi
1493 2390 1593 2419 vcra

229 2457 321 2493 arte
350 2464 420 2493 res
452 2449 643 2495 scenicas
675 2465 700 2494 a
722 2448 854 2495 nimia
881 2449 1112 2497 rusticitate
1143 2449 1444 2497 revocaverint.
1504 2448 1591 2493 Ita-

226 2538 312 2584 que
345 2522 397 2567 de
428 2522 480 2567 iis
512 2522 636 2580 ludis,
679 2524 752 2586 qui
783 2534 881 2587 post
910 2535 1104 2588 receptos
1146 2524 1353 2571 Etruscos
1395 2521 1591 2570 ludiones

227 2594 488 2643 a-Romanis
519 2597 851 2644 instituebantur
878 2599 997 2662 prius
1028 2599 1254 2646 dicendum
1283 2607 1364 2644 est.
