1730 3015
834 132 870 193 5

165 282 321 346 ripides
353 301 442 330 non
482 283 827 345 conscripserunt
864 281 1049 341 fabulas,
1088 294 1134 329 ut
1172 283 1299 329 rebus
1336 282 1524 329 futilibus

165 359 457 423 proponendis
489 358 622 402 otium
636 368 835 418 stererent
864 356 1215 415 Atheniensium,
1256 358 1526 420 ridentesque

166 434 339 479 domum
371 433 630 478 dimitterent
662 442 935 494 spectatores,
968 434 1045 477 sed
1075 444 1121 478 ut
1151 450 1360 479 summam
1399 433 1524 477 doce-

165 519 259 555 rent
288 508 534 554 veritatem:
567 517 784 552 aeternam
814 523 909 552 esse
942 507 1119 553 deorum
1150 508 1426 565 voluntatem,
1460 506 1526 554 cui

163 584 324 630 frustra
366 592 656 647 repugnarent
706 581 968 643 singulorum
1017 578 1205 628 conatus.
1246 584 1436 628 ‘Heroes
1480 583 1525 627 in

164 658 426 721 gravissimis
459 658 569 703 vitae
600 656 827 701 momentis
859 657 1059 703 inducunt
1088 657 1343 703 reluctantes
1376 669 1525 704 contra

98 746 106 752 “
162 733 274 780 hanc
304 733 580 788 voluntatem,
612 742 654 777 et
682 731 951 789 intel-euntes,
984 733 1100 795 quod
1132 732 1285 794 singuli
1318 734 1521 786 existunt3

163 809 241 854 sed
271 808 500 853 morientes
534 805 689 868 singuli
718 807 904 870 pectoris
939 818 1112 852 servant
1143 807 1353 862 virtutem,
1386 818 1427 851 et
1456 807 1521 850 in-

161 883 275 928 victa
320 881 444 927 floret
485 881 705 927 hominum
742 881 932 927 libertas.
994 882 1033 927 E
1078 882 1254 928 victoria
1291 880 1523 927 voluntatis

162 958 329 1004 divinae
368 968 410 1002 et
446 956 710 1020 singulorum
754 956 962 1003 libertatis
1008 957 1298 1004 reconciliatio
1350 955 1523 1002 tandem

159 1033 304 1098 prodit
335 1049 556 1096 suprema3
590 1049 674 1095 qua
706 1044 894 1095 spectata
917 1033 1073 1079 Graeci
1101 1034 1222 1078 firmo
1254 1033 1397 1078 animo
1418 1031 1521 1077 boni

160 1119 203 1153 et
232 1107 363 1152 sortes
394 1107 560 1151 theatra
598 1105 906 1169 relinquebant.
968 1108 1028 1153 Et
1060 1126 1112 1153 ne
1145 1108 1391 1153 comoediae
1424 1107 1517 1168 qni·

159 1182 257 1227 dem
300 1180 507 1242 gravitate
549 1181 723 1226 omnino
768 1182 988 1235 carebant;
1036 1199 1136 1225 nam
1176 1193 1348 1243 praeter
1384 1180 1520 1226 multa

159 1257 374 1320 sapienter
404 1255 516 1300 dicta
546 1254 745 1317 chorique
787 1266 956 1299 cantum
993 1256 1225 1316 tragoediis
1267 1273 1393 1317 saepe
1432 1273 1519 1299 non

157 1332 388 1394 indignum,
420 1329 596 1375 moralis
631 1330 842 1392 quaedam
884 1330 1085 1392 cogitatio
1117 1330 1160 1375 in
1191 1330 1362 1376 fabulae
1394 1347 1519 1392 argu-

156 1417 299 1451 mento
332 1422 405 1450 eas
439 1405 680 1461 coercebat,
723 1405 947 1466 quominus
986 1406 1298 1450 effunderentur
1328 1406 1371 1450 in
1404 1423 1518 1450 scur-

155 1481 253 1526 rilia
284 1491 325 1526 et
354 1480 479 1525 nimis
512 1479 742 1524 obscoena.
807 1479 917 1539 Quis
949 1480 1076 1542 igitur
1107 1480 1267 1525 alienos
1298 1479 1429 1525 fuisse
1463 1481 1518 1526 ab

155 1555 327 1618 ingenio
358 1554 656 1600 Romanorum
687 1571 833 1598 severo
865 1554 1066 1598 iudicabit
1102 1555 1178 1599 hos
1212 1554 1348 1611 ludos,
1387 1573 1513 1618 prae-

157 1630 301 1675 sertim
342 1646 471 1692 quum
511 1639 645 1674 artem
683 1628 893 1673 scenicam
937 1628 1084 1675 intimo
1117 1629 1284 1674 vinculo
1317 1630 1516 1676 coniunc-

155 1716 244 1751 tam
285 1721 504 1750 cernamus
546 1722 641 1749 cum
683 1704 857 1748 deorum
896 1703 1027 1759 cultu,
1073 1705 1127 1748 ad
1167 1722 1292 1766 quem
1323 1704 1515 1749 Romani

153 1779 287 1824 nimia
319 1778 615 1841 superstitione
657 1777 933 1840 quodcunque
973 1777 1247 1835 adhibebant,
1288 1796 1371 1841 quo
1410 1779 1514 1824 deos

155 1854 369 1915 placatum
409 1853 461 1898 iri
499 1852 799 1914 opinabantur.
861 1852 1055 1907 Deinde,
1093 1853 1207 1913 quod
1248 1854 1304 1897 ad
1344 1864 1511 1897 senten-

154 1927 256 1973 tiam
295 1926 416 1973 illam
452 1926 767 1990 infringendam
807 1926 988 1971 maxime
1028 1926 1157 1983 valet,
1206 1926 1324 1971 initia
1364 1926 1514 1971 horum

154 2001 351 2048 ludorum
386 2020 551 2049 revera·
571 2003 685 2066 apud
724 2000 949 2047 Romanos
994 2002 1282 2064 reperiuntur3
1333 2019 1417 2065 quo
1456 2002 1514 2058 fit,

135 2087 200 2124 ·ut
229 2076 311 2124 hoc
343 2078 482 2125 solum
512 2077 751 2142 praedicari
789 2077 935 2142 possit,
978 2075 1207 2123 Romanos
1250 2077 1354 2124 haec
1395 2077 1515 2123 initia

152 2170 241 2197 non
271 2154 516 2210 excoluisse,
536 2164 637 2207 ,tum
668 2165 844 2216 propter
864 2154 1021 2215 ingenii
1043 2153 1149 2198 illud
1173 2152 1512 2217 πραγματικόν,

153 2239 242 2273 tum
282 2238 457 2289 propter
496 2245 664 2277 morum
694 2228 922 2284 feritatem,
973 2228 1192 2273 deficiente
1233 2244 1400 2289 quoque
1437 2228 1509 2271 be-

152 2303 283 2365 nigna
312 2312 484 2347 naturae
517 2321 640 2350 vena.

275 2377 421 2437 Quum
451 2389 590 2422 autem
620 2379 799 2427 inveniri
837 2395 988 2427 revera
1030 2378 1143 2461 apud
1176 2376 1401 2421 Romanos
1444 2377 1507 2421 in-

153 2453 299 2499 stituta
330 2452 538 2520 quaedam
569 2452 667 2510 dixi,
699 2471 749 2501 ex
782 2453 931 2516 quibus
964 2452 1080 2498 nasci
1110 2452 1289 2516 potuerit
1318 2468 1386 2496 ars
1420 2468 1509 2496 sce-

149 2529 270 2586 nica,
321 2529 408 2575 iam
453 2528 697 2591 provinciae
737 2546 858 2575 meae
902 2528 1009 2573 fines
1051 2528 1266 2589 ingressus
1306 2544 1421 2583 sum,
1469 2538 1513 2572 et

156 2603 466 2667 accingendum
495 2613 574 2662 est,
616 2614 663 2651 ut
700 2601 810 2652 hanc
839 2604 1026 2667 primam
1064 2602 1382 2667 occupationem
1421 2620 1514 2650 mu<
