1730 3015
335 143 512 256 ἶ.
795 197 878 262 33

217 366 220 370 ’
271 355 467 402 Primum
515 354 627 399 inter
669 352 858 399 carmina
900 351 1216 413 Romanorum'
1237 353 1413 416 antiqua
1451 355 1515 401 lo-

106 418 108 420 v
156 449 249 479 cum
279 432 471 478 obtinent
500 427 712 498 vaticinia,
754 445 861 491 quae
892 428 1127 474 referuntur
1157 429 1216 475 ad
1245 429 1513 485 Evandrum,

157 507 442 560 Carmentam,
459 501 663 565 ..Sibyllas
697 513 738 546 et
769 503 826 547 ad
857 502 1085 560 Murcium,
1119 504 1235 549 cuius
1267 503 1516 567 fragmenta

153 579 235 628 du'o
266 580 450 628 servavit
478 577 627 623 Livius
656 576 809 623 XXV.
842 587 910 635 12,
942 595 1050 641 quae
1083 579 1184 625 satis
1216 579 1382 644 spirant
1410 596 1516 644 poe-

154 659 294 703 ticum.
320 672 326 676 ··
354 656 418 700 Hi
449 664 491 698 et
522 652 608 708 alii,
641 668 821 714 quorum
843 652 1017 696 nomina
1048 668 1127 696 nos
1155 652 1298 710 latent,
1330 654 1516 700 fortasse

154 724 348 778 auctores
380 728 586 775 librorum
614 736 735 782 sunt,
769 742 875 789 quos
912 725 1134 772 Horatius.
1165 726 1280 791 Epp.
1301 729 1357 774 ΙΙ.
1383 742 1420 786 1,
1444 730 1515 775 26.

153 822 320 852 annosa
349 802 566 849 volumina
596 812 741 846 vatum
771 800 977 864 appellat.
1041 801 1238 847 Certiora
1269 803 1420 849 deinde
1450 805 1516 849 in-

156 880 266 926 dicia
311 878 476 942 priscae
535 876 680 940 poesis
726 886 896 921 exstant
947 875 1135 921 carmina
1183 876 1419 934 Saliorum,
1466 878 1518 924 de

156 954 304 1017 quibus
348 951 640 1013 Quintilianus
660 951 694 996 I.
721 960 787 1008 10,
818 960 895 996 20:
938 950 1135 1008 „Versus
1169 968 1336 1014 quoque
1376 951 1518 998 Salio-

153 1046 247 1075 rum
278 1027 436 1073 hahent
474 1025 683 1072 carmen(
721 1025 847 1086 Quae
887 1043 1018 1089 quum
1056 1026 1141 1072 sint
1183 1024 1389 1073 a>Numa
1419 1044 1518 1089 rege

154 1103 357 1159 instituta,
388 1101 550 1148 faciunt
579 1093 864 1158 manifestum,
895 1119 949 1146 ne
980 1100 1064 1146 illis
1106 1102 1292 1164 quidem,
1334 1102 1406 1164 qui
1445 1119 1516 1148 ru-

155 1176 230 1221 des
262 1176 305 1221 et
333 1175 526 1221 bellicosi
556 1176 764 1233 videntur,
803 1193 947 1222 curam
976 1177 1171 1232 musices,
1206 1188 1409 1239 quantum
1440 1176 1518 1223 illa

155 1250 385 1314 recipiebat
416 1250 548 1306 aetas,
580 1250 802 1296 defuisse.'’
866 1250 980 1296 Cum
1012 1250 1280 1310 Quintiliano
1315 1251 1514 1309 Ovidius,

156 1325 307 1372 Livius
340 1336 382 1371 et
410 1324 664 1371 Plutarchus
708 1322 898 1372 Numam
930 1336 1146 1372 auctorem
1177 1325 1404 1372 sacerdotii
1438 1328 1517 1373 Sa·
1549 1362 1553 1367 .

156 1399 309 1445 liorum
341 1400 527 1457 tradunt,
560 1400 674 1462 quod
705 1411 843 1446 autem
874 1401 934 1445 ita
963 1401 1285 1463 intelligendum
1315 1418 1409 1446 esse
1441 1419 1520 1465 pu-

158 1486 216 1533 to,
247 1486 292 1520 ut
321 1474 389 1521 hic
418 1492 492 1520 rex
524 1486 638 1520 certa
669 1491 792 1520 sacra
823 1475 1001 1532 Martis,
1039 1487 1081 1520 et
1119 1476 1329 1538 quosdam
1359 1478 1403 1522 in
1433 1478 1518 1523 illis

157 1550 263 1595 ritus
295 1549 522 1594 sollemnes
556 1549 799 1610 assignasse
829 1550 990 1595 dicatur
1012 1549 1155 1606 Saliis,
1187 1567 1366 1612 quorum
1397 1551 1518 1612 origo

158 1624 205 1670 in
236 1622 529 1686 antiquissima
560 1634 752 1686 tempora
794 1623 1017 1669 referenda
1047 1634 1125 1669 est.
1185 1623 1279 1669 Res
1321 1636 1386 1670 est
1427 1641 1517 1669 ma-

161 1698 454 1754 nifestissima,
486 1709 529 1743 et
557 1698 699 1761 ipsum
729 1697 848 1753 illud,
890 1698 1005 1760 quod
1036 1698 1087 1742 de
1119 1697 1300 1743 Veturio
1343 1699 1517 1743 Mamu-

161 1774 238 1820 rio'
258 1784 464 1819 narratur.
485 1772 538 1817 ab
572 1772 735 1818 Ovidio
765 1771 810 1817 in
838 1771 876 1817 F
879 1783 958 1818 ast.
980 1772 1056 1818 ΙΙΙ.
1080 1777 1179 1830 380,
1202 1789 1313 1836 sqq.,
1346 1790 1372 1819 a
1404 1772 1517 1818 Pro-

162 1850 301 1913 pertio
341 1847 541 1908 in'Eleg.
564 1846 647 1891 IV.
670 1857 710 1903 2,
732 1847 803 1902 61,
845 1858 886 1892 et
916 1864 942 1892 a
971 1847 1103 1891 Festo
1136 1863 1170 1891 S.
1192 1847 1232 1892 h.
1254 1865 1294 1891 v.
1326 1864 1414 1892 non
1449 1865 1517 1893 re—

163 1933 338 1986 pugnat,
362 1921 571 1984 siquidem
588 1921 867 1967 concedamus
883 1921 1071 1967 fabulam
1093 1939 1237 1967 veram
1257 1938 1366 1978 esse,
1391 1939 1521 1985 quam

164 1998 211 2042 in
246 1997 553 2042 dubitationem
582 2006 735 2041 vocant
755 1996 886 2041 verba
912 1996 1128 2041 Varronis
1153 1996 1205 2041 de
1238 1995 1293 2040 L.
1314 1995 1369 2040 L.
1392 1996 1456 2041 V.
1476 2015 1520 2059 p.

166 2070 239 2121 64.
261 2071 327 2115 ed.
350 2070 472 2134 Bip.;
497 2087 637 2115 meam
662 2081 803 2115 autem
820 2071 1077 2135 opinionem
1108 2081 1269 2116 contra
1302 2070 1523 2133 vulgarem

167 2143 250 2188 hoc
279 2144 373 2190 loco
417 2145 643 2190 defendere
675 2144 859 2190 alienum
896 2156 978 2202 est,
1019 2162 1147 2208 quum
1188 2146 1240 2190 de
1268 2145 1521 2191 carminibus

171 2216 386 2282 Saliorum
418 2236 618 2281 quaerere
649 2220 916 2266 instituerim.
978 2220 1101 2266 Haec
1131 2219 1250 2265 initio
1277 2236 1364 2264 non
1386 2219 1521 2264 Marti

171 2290 267 2348 soli,-
306 2292 382 2337 sed
418 2294 547 2339 etiam
576 2295 775 2353 Herculi,
816 2296 951 2353 Jano,
992 2295 1173 2352 Junoni,
1219 2295 1441 2340 Minervae
1480 2305 1523 2339 et

170 2366 265 2413 aliis
286 2367 588 2425 cantabantur,
621 2370 860 2434 et'praeter
891 2371 993 2416 deos
1026 2382 1151 2433 atque
1181 2368 1344 2425 heroeS,
1384 2368 1521 2414 homi-

171 2447 249 2489 nes
274 2448 277 2450 ’
302 2445 468 2505 quoque
519 2443 764 2491 laudabant.
831 2445 1069 2509 Utrumque
1113 2445 1232 2490 docet
1280 2443 1432 2489 Festus
1483 2463 1524 2489 v.

172 2518 431 2573 Axamenta3
463 2517 706 2577 Herculem,
735 2520 858 2566 -cuius
889 2518 957 2566 hic
993 2520 1251 2565 mentionem
1290 2535 1378 2563 non
1412 2518 1525 2577 facit,

175 2592 321 2639 addidi
359 2605 525 2640 auctore
563 2593 752 2657 Virgilio
797 2594 1132 2642 Aeneid.·VIII.
1165 2599 1270 2650 285,
1299 2610 1399 2656 sqq.
1430 2593 1525 2639 De-

176 2664 289 2725 inde,
320 2670 449 2733 ‹quod
491 2669 579 2716 iam
620 2669 821 2734 postulat
854 2670 973 2718 chori
1010 2668 1208 2727 conditio,
1245 2685 1334 2715 non
1369 2678 1528 2715 extom'·

1220 2751 1243 2785 3
