1730 3015
123 382 207 430 quo
236 365 510 431 perspicuum
539 370 615 417 est,
645 370 688 406 et
708 371 856 406 cantus
879 369 967 406 tum
987 358 1121 407 fuisse
1141 361 1372 425 rescriptos
1403 380 1477 409 vo-

121 460 214 489 cum
260 442 377 488 sonis
411 449 462 485 et
507 434 734 482 carmina.''
797 434 890 482 cfr.
939 436 1121 483 eundem
1159 435 1263 483 ibid.
1290 436 1326 482 I.
1355 446 1397 482 2.
1437 449 1480 484 et

119 516 223 563 val.
255 516 378 564 Max.
406 513 462 558 ΙΙ.
495 521 532 567 1,
564 518 632 555 10.
693 509 767 555 Ad
804 509 943 573 prima
981 510 1238 573 reipublicae
1276 523 1478 576 tempora

118 589 229 638 hunc
257 606 421 636 morem
449 584 683 631 referamus
720 601 899 638 necesse
931 595 1020 639 est3
1060 584 1158 631 licet
1196 587 1309 633 enim
1338 588 1477 635 maio·

116 682 185 712 res
217 683 255 711 a.
274 664 438 711 Catone
469 657 695 707 memorati
726 658 1032 705 dubitationem
1061 661 1296 719 admittant,
1329 675 1474 710 tamen

118 740 216 785 alio
245 739 339 785 loco
383 736 539 784 Cicero
584 732 729 779 multis
767 731 942 778 saeculis
974 743 1072 779 ante
1106 733 1315 782 Catonem
1352 737 1475 785 illum

115 831 239 861 usum
268 812 467 859 valuisse
494 809 704 855 affirmatz
746 826 785 853 v.
815 807 998 852 Brutum
1036 817 1102 863 19,
1123 815 1195 864 75,
1236 810 1309 856 ubi
1349 824 1391 857 et
1420 813 1474 858 il-

116 888 190 934 lud
219 886 383 950 repetit,
422 883 614 930 vcarmina
653 898 680 928 a
711 880 889 945 singulis
922 881 1111 927 convivis
1152 894 1322 931 cantata
1364 903 1473 945 esse,

115 979 200 1024 quo
230 962 290 1016 fit,
328 971 374 1006 ut
414 976 501 1005 non
538 959 683 1020 inique
720 975 814 1005 cum
852 955 1009 1013 Scoliis
1055 956 1320 1004 Graecorum
1358 977 1475 1006 eom-

112 1046 326 1100 parentur.
386 1032 586 1080 Romana
617 1048 718 1079 vero
750 1031 940 1079 carmina
970 1049 1057 1078 non
1087 1050 1138 1078 ex
1175 1044 1369 1096 tempore
1402 1053 1475 1083 ca-

111 1111 332 1165 nebantur,
363 1109 441 1153 sed
471 1118 569 1154 ante
599 1106 833 1170 composita
864 1116 1011 1162 erant,·
1038 1116 1079 1151 et
1108 1106 1218 1152 inter
1258 1108 1362 1155 haec
1392 1127 1471 1157 an-

111 1183 230 1245 tiqua
264 1182 394 1239 fuisse
430 1182 643 1237 videntur,
688 1198 794 1244 quae
832 1198 907 1226 ore
945 1180 1167 1226 hominum
1204 1183 1467 1231 circumfere-

111 1256 293 1311 bantnr;
339 1256 402 1301 ita
448 1255 562 1300 enim
607 1254 754 1300 Varro
801 1251 917 1317 apud
961 1251 1155 1299 Nonium
1194 1272 1227 1300 s.
1265 1275 1306 1302 v.
1352 1258 1467 1307 Assa

112 1348 238 1377 voce:
283 1330 364 1388 „In
404 1329 607 1376 conviviis
647 1329 767 1392 pueri
810 1328 996 1374 modesti
1031 1339 1078 1372 ut
1118 1340 1335 1377 cantarent
1375 1351 1467 1380 car-

110 1405 228 1452 mina
271 1404 464 1468 antiqua,
509 1404 555 1451 in
601 1404 753 1467 quibus
796 1402 946 1449 laudes
988 1413 1110 1450 erant
1152 1404 1382 1465 maiorum,
1427 1419 1470 1455 et

112 1496 211 1526 assa
240 1497 355 1527 ,voce
396 1490 438 1525 et
477 1497 571 1525 cum
610 1478 821 1525 tibicine.”
880 1477 1013 1524 Hune
1056 1477 1271 1525 Varronis
1303 1493 1345 1527 et
1379 1484 1466 1546 pri-

109 1573 226 1601 mum
256 1554 376 1600 illum
407 1553 628 1599 Ciceronis
666 1552 806 1599 locum
834 1552 922 1598 iam
960 1550 1218 1599 Niebuhrius
1261 1554 1464 1614 laudavit,

111 1629 183 1693 qui
209 1629 257 1676 in
286 1627 403 1676 Hist.
435 1627 564 1674 Rom.
587 1627 622 1672 Ι.
653 1644 696 1690 p.
719 1627 834 1684 263„
874 1628 1086 1673 secundae
1117 1628 1315 1674 editionis
1357 1630 1463 1678 haec

110 1703 296 1750 carmina
346 1702 402 1748 ad
452 1701 604 1766 poesin
653 1701 818 1764 epicam
870 1701 1070 1747 accedere
1119 1713 1233 1753 recte
1282 1708 1465 1764 monuit,

111 1794 367 1841 quamquam
396 1777 549 1822 mirum
588 1787 654 1822 est
682 1776 727 1821 in
757 1776 952 1822 omnibus
985 1776 1236 1822 testimoniis
1276 1778 1363 1824 illis
1406 1782 1459 1827 de

109 1853 307 1899 laudibus
359 1850 462 1897 solis
514 1862 557 1897 et
600 1851 651 1897 de
698 1850 920 1896 virtutibus
966 1851 1174 1896 maiorum
1218 1869 1459 1902 sermonem

109 1944 218 1978 esse,
280 1927 368 1973 Sed
398 1925 479 1983 hoc
507 1943 657 1989 urgere
694 1925 810 1982 nolo,
847 1936 889 1971 et
917 1925 1157 1972 necessario
1189 1930 1459 1976 statuendum

110 2017 212 2047 esse»
234 2018 401 2057 censeo,
445 2001 614 2047 laudem
643 2000 851 2046 maiorum
890 1999 1154 2047 celebrandis
1193 2001 1317 2047 factis
1361 2021 1459 2050 can-

108 2086 243 2120 tatam
282 2093 391 2132 esse,
428 2076 583 2140 illaque
625 2076 813 2131 carmina
851 2074 1103 2121 elementum
1133 2075 1299 2139 epicum
1328 2076 1460 2125 babu-

110 2150 212 2197 isse.
273 2148 393 2199 Num
423 2168 523 2201 vero
555 2168 659 2214 epos
692 2152 745 2198 de
775 2169 923 2213 regum
952 2147 1066 2206 fatis,
1097 2151 1339 2197 continuum
1369 2170 1459 2199 ma-

109 2223 281 2285 ioreque
322 2225 483 2273 ambitu
522 2224 707 2271 Romani
748 2225 911 2288 antiqui
947 2225 1229 2283 condiderint,
1271 2229 1457 2290 quaestio

109 2310 188 2355 est,
228 2315 350 2360 quae,
390 2300 428 2344 si
472 2300 576 2346 mihi
620 2300 718 2347 licet
754 2299 895 2363 eloqui
938 2300 1053 2363 quod
1088 2300 1265 2346 sentiam
1312 2314 1458 2348 contra

109 2373 247 2421 virum
290 2371 519 2432 illustrem,
565 2394 703 2441 neque
749 2395 800 2424 ex
838 2375 903 2422 his
942 2375 1049 2422 locis
1087 2374 1227 2441 allatis
1264 2387 1402 2441 neque
1433 2397 1457 2424 e

109 2449 396 2496 narrationum
429 2448 576 2497 habitu
607 2463 649 2497 et
680 2451 804 2515 quasi
835 2450 1072 2497 charactere
1104 2450 1207 2495 satis
1239 2451 1349 2496 solvi
1377 2469 1456 2516 po-

110 2533 209 2579 test3
247 2535 375 2587 atque,
409 2523 524 2570 haud
560 2526 649 2571 scio
692 2542 749 2573 an
784 2525 935 2571 eodem
970 2525 1057 2571 iure
1096 2524 1247 2587 aliquis
1285 2538 1457 2572 conten-

112 2596 212 2644 dere
241 2599 392 2663 possit‚
432 2598 612 2663 hymnos
642 2599 796 2663 lyricos
828 2617 855 2647 a
883 2598 1090 2646 Romanis
1125 2599 1275 2662 priscis
1314 2611 1458 2647 canta-

110 2678 179 2716 tos
195 2690 319 2732 esse,
360 2675 476 2739 quod
492 2718 494 2720 ,
513 2692 567 2724 ex
597 2673 724 2724 Livio
762 2685 806 2724 et
832 2673 1053 2738 >Dionysio
1087 2684 1347 2739 compertum
1380 2674 1459 2724 ha-
