1730 3015
890 105 928 168 6

219 260 350 306 niam.
396 259 635 323 Scriptores
667 258 833 322 antiqui
862 275 949 305 uno
982 275 1055 304 ore
1086 258 1271 317 tradunt,
1302 258 1467 322 priscos
1498 259 1586 305 Ita-

219 336 288 381 los
321 335 501 382 coluisse
531 333 753 381 Bacchum
791 344 833 380 et
872 333 1072 381 Cererem
1103 334 1297 399 aliosque
1339 334 1442 381 deos
1483 351 1588 398 quo-

220 429 316 458 rum
346 409 599 472 benignitati
629 426 830 472 agrorum
863 409 978 455 dona
1010 409 1158 456 deberi
1188 421 1398 474 putarent.
1440 410 1590 472 Itaque

152 505 156 508 ²
221 497 264 531 et
301 485 354 540 ii,
396 485 469 547 qui
515 483 687 529 Romae
728 484 971 529 conditores
1012 483 1204 529 seruntur
1233 486 1442 549 primique
1472 483 1590 530 urbis

220 559 386 607 incolae
417 558 523 606 haec
553 559 728 606 numina
759 559 1085 617 venerabantur,
1116 572 1363 624 precantes:
1388 580 1394 587 “

341 633 445 681 Neu
477 652 599 698 seges
633 634 778 680 eludat
809 652 995 681 messem
1025 635 1248 681 fallacibus
1282 632 1442 693 herbis,

406 708 507 758 Neu
537 710 684 757 timeat
715 710 873 757 celeres
905 711 1071 757 tardior
1103 728 1215 773 agna
1245 710 1370 776 lupos
1399 718 1452 768 ¹),

223 798 267 833 et
296 798 399 851 post
429 797 601 831 exactos
635 786 737 831 anni
776 786 947 831 labores
990 785 1168 831 conditis
1200 786 1244 831 in
1275 786 1474 832 horreum
1503 783 1591 830 fru-

224 862 348 924 gibus
382 860 472 907 dies
504 859 640 907 festos
672 872 715 906 et
746 859 954 907 sacrificia
985 859 1213 905 sollemnia
1243 861 1534 917 instituebant,

343 963 402 969 —-
432 945 480 979 ut
508 935 671 998 primas
705 934 855 980 Cereri
887 934 987 978 dare
1020 933 1156 981 cultor
1187 935 1340 980 aristas

343 1009 518 1066 Posset,
552 1020 594 1056 et
623 1009 784 1055 intacto
814 1008 1041 1055 Bromium
1072 1007 1329 1072 perfundere
1360 1010 1459 1056 vino
1486 1017 1543 1063 ²).

190 1104 193 1108 ·
223 1087 342 1131 Inter
391 1084 602 1129 sacrificia
653 1083 788 1169 epulis
841 1083 1051 1129 vacabant
1101 1083 1322 1149 ludisque,
1382 1095 1424 1131 et
1484 1084 1594 1132 curis

225 1160 363 1207 solitis
395 1160 564 1205 liberati
595 1160 721 1222 genio
760 1159 1058 1221 indulgebant,
1091 1171 1134 1205 et
1174 1161 1275 1205 vino
1313 1161 1430 1223 pleni
1470 1161 1605 1206 dictis.

225 1235 337 1282 alter
367 1234 549 1279 alterum
580 1233 843 1279 lacessentes
885 1244 926 1280 et
966 1233 1214 1279 scommatis
1256 1244 1491 1279 scommata
1527 1251 1595 1280 re-

225 1320 500 1356 munerantes
531 1308 667 1354 risum
696 1308 808 1353 inter
838 1326 884 1353 se
924 1309 1168 1353 movebant.
1231 1309 1343 1353 Mox
1387 1310 1594 1354 admisce-

185 1434 189 1441 ,
226 1385 382 1430 bantur
422 1382 593 1427 saltatio
632 1393 674 1427 et
705 1392 933 1428 concentus
973 1381 1179 1446 plurium,
1213 1382 1415 1445 quoniam
1451 1382 1597 1430 inculti

225 1459 424 1505 homines
459 1474 725 1519 compescere
757 1457 801 1501 in
833 1474 879 1502 se
909 1468 1123 1518 nequeunt
1154 1457 1285 1502 animi
1323 1469 1478 1512 motus,
1522 1458 1599 1503 sed

226 1532 331 1579 laeti
360 1532 473 1577 inter
505 1530 700 1576 convivia
731 1530 933 1592 gaudium
965 1531 1159 1577 canendo
1191 1542 1233 1577 et
1265 1531 1462 1578 saltando
1493 1548 1596 1597 pro—

230 1609 357 1662 dunt3
387 1604 448 1654 τοὶ
469 1603 560 1671 γάρ
581 1603 913 1672 τόἷναθήματα
941 1606 1100 1660 δαιτός
1125 1614 1177 1661 ³).
1238 1606 1322 1653 His
1353 1607 1463 1653 ludis
1496 1624 1596 1654 con-

229 1683 416 1729 tinentur
438 1681 556 1727 initia
578 1680 717 1726 omnis
740 1680 901 1744 poesiS,
936 1698 1063 1744 quam
1094 1683 1146 1730 ἐκ
1166 1682 1261 1730 τῶν
1288 1680 1600 1744 αὐτοσχεδια-

230 1757 423 1819 σμάτων
454 1756 676 1801 hominum
707 1756 943 1818 priscorum
974 1768 1113 1803 ortam
1145 1759 1240 1804 esse
1286 1758 1387 1804 dicit
1428 1757 1597 1803 Aristo-

231 1832 338 1878 teles
378 1832 502 1878 Poet.
537 1842 586 1888 4,
631 1831 860 1895 praecipue
902 1843 1045 1877 autem
1085 1832 1188 1878 artis
1228 1833 1419 1879 scenicae
1463 1833 1597 1895 origo,

234 1924 362 1970 quam
387 1908 438 1952 de
464 1906 585 1952 nullo
608 1905 694 1951 alio
718 1906 834 1952 fonte
858 1907 1134 1953 derivandam
1151 1925 1240 1953 esse
1259 1919 1403 1953 censet
1418 1908 1598 1954 Maxim.

236 1981 346 2044 Tyr.
381 1981 522 2027 Serm.
544 1979 654 2025 XXI
678 1986 736 2033 ⁴).
801 1980 1036 2040 Quomodo
1068 1981 1159 2027 dies
1191 1981 1324 2028 festos
1358 1981 1597 2029 celebrave-

232 2057 320 2102 rint
352 2055 518 2118 antiqui
547 2053 739 2099 Romani
776 2055 991 2117 eleganter
1021 2057 1221 2103 describit
1254 2057 1532 2105 TibullusJI.
1560 2070 1598 2115 1·,

234 2131 352 2179 cuius
383 2148 436 2177 ex
467 2129 605 2193 elegia
635 2128 776 2176 locum
806 2129 889 2178 buc
918 2131 1101 2178 maxime
1133 2143 1395 2196 spectantem
1424 2128 1578 2181 affero:

333 2353 373 2396 1)
400 2350 582 2390 Tibullus
598 2355 644 2388 11.
662 2359 771 2398 1,19.

336 2411 377 2457 ²)
403 2410 480 2445 Tit.
507 2412 584 2448 Cal.
607 2412 682 2449 Sic.
714 2411 896 2465 Eclogdi.

340 2471 379 2518 ³)
407 2472 522 2509 Hom.
550 2472 620 2508 od.
635 2474 663 2508 1.
681 2478 762 2511 152.

335 2529 378 2577 ⁴)
403 2532 616 2566 Numerum
651 2531 768 2568 citavi
810 2533 1022 2571 secundum
1053 2536 1254 2587 vulgarem
1287 2535 1599 2577 distributionem

242 2589 486 2635 Sermonum,
512 2588 554 2625 in
582 2590 736 2630 Davisii
759 2591 929 2631 editione
952 2595 1161 2635 exhibetur
1182 2596 1284 2636 Diss.
1306 2594 1560 2640 xxxvusslr.
