1730 3015
890 134 972 207 68

250 291 296 336 in
326 288 554 346 Atellanis,
586 286 766 349 vestigia
795 287 903 333 ruris
932 286 1159 340 manifesta
1189 296 1300 333 sunt.
1359 286 1412 333 In
1441 285 1618 336 historia

248 365 312 411 rei
359 364 552 409 scenicae
594 372 693 408 ante
735 362 1028 407 Andronicum
1078 362 1266 407 Romani
1307 362 1434 407 nobis
1481 378 1616 425 appa-

250 452 345 486 rent
390 456 478 484 non
534 436 811 484 abhorrentes
870 437 1042 500 quidem
1098 455 1125 484 a
1176 436 1394 501 voluptate
1451 448 1615 501 specta-

249 515 461 569 culorum,
506 512 582 556 sed
621 522 814 574 expertes
848 512 950 557 artis
982 523 1023 558 et
1054 522 1243 558 carentes
1274 511 1349 556 illo
1382 528 1509 557 sensu
1537 511 1614 560 hu,-

246 590 377 635 mano
411 588 688 634 Graecorum.
754 587 803 633 Si
834 584 1022 633 Romani
1062 586 1235 633 iuvenes
1283 586 1533 642 sensissent,
1571 585 1615 632 in
1663 609 1667 612 ⁴

249 663 483 711 comoediis
550 674 592 709 et
639 661 871 725 tragoediis
914 662 1067 708 altiora
1109 673 1150 708 et
1197 661 1367 708 homine
1419 660 1616 725 digniora

247 740 403 796 latere,
451 742 586 784 missa
642 737 842 783 fecissent
896 737 989 783 ioca
1039 754 1231 800 vanaque
1291 736 1613 794 oblectamenta,

249 827 291 862 et
322 814 550 861 Atellanae
588 812 769 857 sortasse
802 810 969 857 Romae
999 824 1225 876 susceptae
1256 831 1345 859 non
1375 822 1533 858 essent.
1554 839 1613 876 -ῥ

250 892 341 938 Sed
372 902 639 935 transeamus
682 887 768 931 iam
800 886 855 930 ad
886 886 1007 930 initia
1040 887 1143 931 artis
1185 889 1443 935 dramaticae
1476 888 1612 933 Grae-

247 983 320 1012 cae
353 963 466 1026 apud
496 961 735 1016 Romanos,
776 970 817 1004 et
847 959 903 1004 ad
935 976 1043 1017 eum,
1085 960 1157 1022 qui
1185 961 1435 1009 bellicosum
1474 979 1611 1026 popu-

243 1040 334 1085 lum
364 1038 526 1101 primus
558 1035 698 1080 docuit
731 1050 956 1096 quaerere:

364 1112 486 1175 Quid
537 1108 776 1173 Sophocles
819 1118 862 1153 et
910 1107 1100 1173 Thespis
1149 1120 1190 1155 et
1230 1108 1467 1174 Aeschylus
1509 1111 1611 1159 utile

1154 1183 1325 1231 ferrent.

773 1332 922 1411 cap.
952 1333 1069 1393 111.

359 1454 431 1499 De
453 1452 568 1498 Livii
589 1453 825 1498 Andronici
856 1453 942 1498 vita
974 1470 1108 1516 pauca
1140 1442 1368 1500 admodum
1397 1471 1476 1517 pro
1507 1473 1609 1501 vero

241 1542 283 1577 et
313 1540 427 1576 certo
461 1527 588 1572 statui
620 1537 823 1590 possunt3
866 1537 952 1572 tam
984 1527 1184 1590 ambigua
1216 1539 1314 1574 sunt
1350 1545 1449 1575 rara
1490 1531 1606 1576 testi-

240 1605 386 1651 monia
430 1603 481 1647 de
528 1601 666 1662 primo
713 1601 1012 1646 Romanorum
1064 1613 1206 1665 poeta,
1261 1620 1369 1665 quae
1421 1616 1607 1650 veterum

239 1680 360 1727 libris
405 1676 571 1742 passim
610 1675 773 1721 inserta
809 1676 1047 1739 reperimus
1080 1682 1128 1732 ¹).
1191 1677 1361 1724 Eadem
1402 1677 1490 1726 fere
1530 1681 1604 1726 ne-

238 1755 340 1801 bula
370 1752 526 1817 premit
558 1763 794 1797 ceterorum
826 1752 971 1814 poesis
1005 1752 1188 1798 Latinae
1221 1765 1438 1799 auctorum
1479 1756 1603 1812 vitas,

237 1831 310 1886 ita,
349 1839 395 1873 ut
427 1826 596 1888 singula
636 1826 827 1889 ipsorum
866 1824 956 1871 fata
989 1837 1029 1871 et
1072 1843 1238 1883 causae,
1280 1828 1429 1890 quibus
1469 1830 1524 1875 ad
1559 1831 1602 1876 id

239 1903 511 1967 potissimum
543 1900 659 1962 quod
701 1900 973 1944 excoluerunt
1013 1918 1146 1961 genus
1187 1913 1432 1963 poematum
1474 1904 1602 1950 delati

238 1979 337 2031 sint,
375 1986 415 2020 et
444 1990 554 2035 ‚quae
597 1974 806 2028 dramata,
846 1973 1017 2034 quando
1057 1973 1292 2037 quibusque
1333 1977 1458 2022 rebus
1498 1978 1600 2025 inci-

238 2050 425 2097 tantibus
457 2046 715 2109 scripserint,
748 2046 963 2109 multaque
997 2047 1095 2104 alia,
1140 2065 1248 2111 quae
1292 2051 1347 2096 ad
1378 2064 1611 2114 poetarum*

235 2124 454 2188 ingenium
501 2121 853 2181 cognoscendum,
886 2133 927 2167 et
964 2123 1019 2168 ad
1051 2122 1284 2170 litterarum
1321 2145 1596 2190 progresssus

234 2196 559 2265 perspiciendos
592 2194 744 2239 mirum
778 2208 982 2258 quantum
1012 2197 1271 2256 faciant‚ein
1311 2204 1595 2264 cognitionem

233 2291 426 2320 nostram
462 2287 550 2316 non
588 2270 870 2332 pervenerint.
931 2272 1096 2318 Incuria
1134 2272 1351 2321 hominum
1393 2288 1490 2324 tunc
1532 2280 1594 2324 vi·

233 2349 422 2395 ventium
466 2343 651 2392 incusari
699 2344 827 2404 solet,
875 2346 946 2409 qui
991 2358 1103 2393 artes
1148 2360 1188 2394 et
1236 2351 1435 2415 scientias
1476 2353 1592 2415 ipsas

328 2560 366 2607 ¹)
394 2562 629 2604 Praenomen
656 2562 769 2598 Lucii
793 2569 859 2599 aut
886 2563 976 2609 Titi,
1011 2572 1078 2602 aut
1101 2568 1218 2604 Marii
1242 2568 1381 2606 addere
1416 2582 1497 2612 non
1520 2584 1591 2608 au-

229 2617 316 2662 sim,
350 2618 418 2656 cfr.
445 2619 592 2656 Osann.
615 2620 774 2657 Analec.
801 2620 894 2658 Crit.
920 2634 959 2677 p.
973 2627 1031 2678 20.
1046 2635 1131 2676 sqq.
