1730 3015
883 126 969 195 46

239 286 289 332 in
333 284 420 332 illis
472 284 766 349 reperiebant,
820 295 864 331 et
916 283 983 330 his
1037 284 1293 350 recipiendis
1336 299 1474 332 snam·
1515 303 1608 333 rem

239 379 267 407 a
296 361 490 424 cognatis
524 359 672 416 Oscis,
716 359 789 422 qui
819 360 975 405 diutius
1008 376 1136 423 quam
1165 360 1250 423 ipsi
1280 375 1386 423 pace
1417 371 1461 406 et
1488 361 1605 424 quie·

239 447 282 483 te
313 453 391 500 per
425 434 501 480 illa
531 432 702 480 saecula
729 433 1003 493 fruebantur,
1045 434 1252 482 excultam
1293 435 1379 481 sibi
1419 434 1606 482 vindica·

237 511 358 556 hant.

357 583 427 629 Ex
456 582 574 630 Livii
605 594 647 631 et
676 583 848 631 Valerii
879 584 1065 631 Maximi
1095 583 1200 631 locis
1233 583 1372 630 citatis
1403 601 1493 631 non
1522 601 1604 649 pro

238 670 352 706 certo
386 659 517 706 statui
547 671 690 723 potest
723 661 868 707 Oscos
900 660 1026 706 ludos
1058 671 1157 724 post
1186 658 1481 706 Andronicum
1511 659 1603 705 Ro-

236 752 353 782 mam
384 724 649 799 pervenisse,
691 735 772 787 sed.
798 746 947 783 tamen
975 735 1280 783 sententiarum
1310 753 1443 781 nexus
1485 736 1604 800 apud

235 822 463 874 utrumque
494 809 576 857 hoc
621 811 772 857 docere
815 812 1001 857 videtur:
1050 811 1110 856 ita
1158 811 1272 856 enim
1309 810 1457 857 Livius
1501 828 1602 857 nar-¹

234 897 332 932 rata
363 885 560 931 Graecae
598 884 770 930 fabulae
809 886 970 947 origine
1006 885 1168 948 pergit:
1209 885 1479 950 „Postquam
1508 886 1602 949 lege

236 960 319 1007 hac
349 960 592 1006 fabularum
631 960 685 1005 ab
724 959 812 1004 risu
843 976 895 1004 ac
926 958 1068 1004 soluto
1097 959 1195 1004 ioco
1226 977 1295 1005 res
1328 962 1600 1018 avocabatur,

234 1046 277 1080 et
306 1033 431 1079 ludus
463 1033 507 1078 in
538 1045 672 1079 artem
703 1032 910 1096 paulatim
941 1045 1148 1088 verterat3
1191 1033 1398 1091 iuventus,
1429 1034 1600 1080 histrio-

195 1143 205 1152 J
233 1109 357 1156 nibus
389 1107 647 1154 fabellarum
677 1120 776 1154 actu
806 1108 969 1165 relicto,
999 1109 1094 1173 ipsa
1124 1111 1234 1154 inter
1263 1126 1310 1155 se
1340 1126 1460 1156 more
1490 1110 1599 1156 anti-

234 1202 318 1249 quo
363 1183 544 1230 n‘dicula
588 1183 749 1230 intexta
795 1184 988 1230 versibus
1038 1184 1228 1230 iactitare
1273 1185 1437 1250 coepit:
1489 1200 1599 1250 quae

231 1259 329 1306 inde
363 1259 515 1305 exodia
544 1270 696 1322 postea
726 1259 958 1323 appellata,
998 1271 1275 1323 consertaque
1313 1261 1481 1306 fabellis
1516 1278 1596 1324 po-

232 1334 447 1379 tissimum
489 1333 702 1379 Atellanis
748 1344 859 1379 sunt.
930 1332 1064 1394 Quod
1113 1351 1245 1397 genus
1297 1333 1503 1380 ludorum
1541 1334 1597 1381 ab
1626 1350 1648 1364 ²

234 1408 368 1456 Oscis
411 1419 632 1472 acceptum
669 1410 801 1455 tenuit
846 1408 1064 1466 iuventus,
1112 1426 1191 1455 nec
1233 1409 1287 1455 ab
1322 1408 1597 1471 histn'onibus

228 1483 365 1547 pollui
395 1499 529 1546 passa
560 1485 673 1528 est.''.
737 1483 869 1543 Quod
901 1483 986 1528 dixi
1017 1501 1068 1528 ex
1098 1482 1179 1528 hoc
1209 1483 1305 1529 loco
1334 1484 1435 1542 satis
1457 1483 1593 1546 lique-

226 1576 274 1604 re
304 1558 484 1614 videtur,
527 1568 571 1603 et
607 1557 730 1603 multi
760 1557 902 1621 itaque
934 1557 1035 1603 anni
1064 1557 1323 1604 intercedere
1353 1569 1594 1621 potuerunt,

229 1635 368 1680 donec
398 1631 605 1690 Romani,
635 1633 708 1695 qui
740 1633 863 1678 initio
894 1633 1111 1678 redierant
1141 1634 1198 1680 ad
1227 1633 1518 1680 Fescenninos
1549 1645 1593 1681 et

225 1709 396 1756 iocosas
429 1709 625 1765 Saturas,
658 1710 903 1765 sentienteS,
934 1724 1033 1754 suos
1063 1707 1186 1755 ludos
1218 1721 1466 1773 comparata
1497 1721 1590 1757 arte

226 1784 464 1831 Andronici
506 1782 632 1828 nimis
678 1783 803 1829 rudes
847 1799 964 1840 esse,
1009 1782 1173 1829 Oscum
1216 1801 1347 1846 genus
1392 1784 1590 1831 ludorum

226 1860 488 1923 arriperent,
534 1859 650 1921 quod
694 1875 783 1903 non
828 1868 1049 1921 tantopere
1096 1858 1284 1904 distabat
1306 1875 1355 1904 ⁴a
1396 1858 1590 1906 Graecae

227 1934 372 1997 poesis
403 1933 672 1989 iucunditate,
713 1932 767 1977 ab
806 1932 941 1978 altera
972 1942 1114 1978 autem
1144 1944 1266 1995 parte
1305 1942 1588 1997 temperatum

229 2019 320 2055 erat
350 2008 502 2053 Italica
535 2007 772 2052 severitate.
832 2004 896 2051 V.
927 2005 1036 2051 Val.
1068 2006 1191 2051 Max.
1213 2005 1240 2052 l.
1264 2025 1299 2053 c.
1320 2035 1379 2042 —-
1409 2008 1459 2052 In
1489 2008 1585 2057 loco

225 2082 343 2129 Livii
373 2081 500 2146 plura
538 2081 738 2143 ambigua
770 2090 887 2126 sunt:
926 2077 981 2128 w*
1011 2080 1132 2126 inde
1171 2096 1199 2126 a
1227 2081 1585 2130 Drakenborchio

224 2169 444 2221 receptum
484 2156 709 2203 delendum
748 2173 843 2202 esse
881 2171 991 2212 reor,
1036 2173 1163 2218 quum
1198 2155 1242 2202 in
1283 2157 1425 2204 multis
1457 2159 1582 2206 codd.

223 2233 413 2280 melioris
445 2243 572 2278 notae
603 2229 727 2288 desit,
765 2242 807 2277 et
837 2231 891 2276 ad
923 2247 1095 2277 sensum
1128 2242 1198 2277 aut
1227 2232 1288 2278 nil
1322 2234 1467 2290 addat,
1510 2245 1583 2280 aut

222 2307 348 2354 valde
380 2325 477 2354 eum
519 2307 672 2354 tudiet.
732 2306 784 2352 In
823 2305 1021 2352 iactando
1061 2306 1172 2353 enim
1211 2325 1354 2354 versus
1397 2307 1584 2354 ludicros

224 2382 501 2430 causa'nulla
531 2392 609 2439 est,
650 2396 779 2444 quare
810 2380 960 2426 exodia
989 2381 1279 2436 nominentur3
1318 2393 1360 2428 et
1390 2382 1427 2427 si
1456 2382 1580 2428 inde

222 2457 278 2503 ad
308 2457 529 2519 sequentia
558 2455 708 2512 refers,
740 2466 828 2501 tum
858 2466 929 2501 aut
957 2456 1021 2518 τῷ
1050 2467 1242 2520 postea
1270 2456 1356 2502 iam
1387 2455 1581 2502 contine-

221 2541 290 2579 tur
318 2529 372 2580 w*
402 2531 543 2589 inde,
575 2543 646 2578 aut
676 2530 758 2577 hoc
786 2547 962 2594 prorsus
994 2531 1107 2577 tollit
1134 2531 1253 2588 illud,
1282 2530 1414 2592 quod
1445 2530 1580 2577 omni-

222 2606 516 2661 umcodicum
544 2606 793 2656 auctoritate
823 2604 1048 2654 defensum
1076 2604 1261 2672 expungi
1277 2603 1446 2669 nequit.
1477 2649 1483 2652 A
1543 2649 1546 2653 ,
