1730 3015
874 107 1015 188 12‘

226 279 374 325 servos
407 279 630 326 clementia
660 288 703 323 et
741 276 1007 323 humanitate
1045 277 1234 341 insignes
1271 278 1401 325 fuisse
1443 291 1591 327 notum

227 365 306 401 est.
371 356 461 402 Sed
501 370 628 416 quum
669 350 784 415 apud
822 351 969 416 plures
1011 351 1221 401 Graeciae
1264 353 1448 419 populos
1486 373 1589 401 eun-

227 432 325 476 dem
371 447 494 475 usum
538 427 722 473 valuisse
770 427 1072 491 comperimUS,
1119 429 1207 474 iam
1244 429 1482 476 libertatem
1512 448 1591 494 per

225 517 384 568 paucos
428 503 517 548 dies
564 518 810 549 concessam
848 519 938 547 non
980 502 1229 549 clementiae
1266 505 1590 550 Atheniensium

225 578 493 623 tribuendam
536 594 655 634 esse,
703 577 780 621 sed
822 575 1021 639 generale
1062 576 1144 622 hoc
1183 577 1421 624 institutum
1456 578 1588 625 fuisse

224 652 456 715 colligitur,
491 669 575 716 quo
609 653 881 715 antiquorum
911 651 1109 697 ludorum
1138 654 1388 699 memoriam
1409 654 1589 700 subditis

221 728 466 791 permittere
498 727 670 783 vellent,
699 739 746 773 ut
777 728 918 792 specie
951 727 1135 791 quadam
1165 728 1350 775 melioris
1381 729 1588 776 conditio·

220 802 288 849 nis
323 814 491 849 servata
527 804 716 849 animum
758 803 865 867 ipsis
906 803 1112 849 adderent
1152 804 1205 849 ad
1243 822 1379 851 novos
1416 805 1596 851 labores-

224 878 536 945 suscipiendos.
556 874 559 876 ³
601 879 822 941 Carystius
843 879 888 923 in
909 877 1027 923 hist.
1053 879 1294 924 Comment.
1319 881 1434 943 apud
1455 880 1586 925 Athe-

220 965 376 998 naeum
417 952 544 998 XIV.
575 962 616 1006 9.
659 953 711 997 de
760 952 1036 1001 Cretensibus
1074 952 1199 997 ‘festa
1248 970 1357 1015 quae
1397 954 1587 1000 Hermea

219 1028 412 1072 dicuntur
433 1026 651 1087 agentibus
668 1028 836 1085 narrat,3'
848 1026 1046 1070 dominos
1060 1025 1145 1071 illis
1157 1026 1305 1072 diebus
1320 1027 1585 1073 ministrasse

218 1101 352 1161 slervis
386 1100 751 1157 accumbentibus,
795 1100 1060 1163 eundemque
1092 1118 1256 1148 morem
1294 1102 1410 1165 apud
1443 1102 1585 1148 Troe-

218 1176 360 1222 zenios
394 1176 640 1221 obtinuisse.
711 1175 882 1221 Eodem
912 1175 1023 1220 libro
1056 1193 1150 1239 cap.
1185 1186 1253 1220 10.
1285 1175 1530 1222 Athenaeus
1561 1194 1584 1222 e

216 1251 387 1297 Batone
418 1251 569 1308 refert,
603 1250 730 1296 etiam
764 1250 1007 1295 Thessalos
1038 1250 1083 1295 in
1114 1250 1301 1297 Peloriis
1324 1251 1486 1296 vinctos
1514 1269 1584 1296 so-

217 1327 347 1371 lvisse
380 1336 422 1371 et
454 1341 600 1392 servos
632 1325 882 1370 accumbere
914 1335 957 1370 et
988 1343 1083 1370 cum
1114 1325 1230 1371 omni
1260 1325 1452 1371 libertate
1483 1344 1585 1389 epu-

215 1400 298 1446 lari
329 1400 519 1446 iussisse.
552 1429 611 1435 -—
642 1397 893 1446 Nobiliores
925 1416 1049 1457 vere,
1078 1418 1209 1463 penes
1245 1418 1350 1463 quos
1373 1402 1585 1462 regendae

213 1475 475 1539 reipublicae
531 1474 751 1520 arbitrium
809 1485 922 1532 erat,
982 1492 1111 1538 quum
1164 1491 1313 1538 agrum
1359 1475 1585 1521 colendum

212 1550 442 1596 Helotibus
498 1549 566 1595 vel
623 1550 826 1595 Penestis
870 1550 1175 1612 reliquissent,
1223 1550 1446 1595 sollemnia
1494 1567 1584 1595 non

212 1626 365 1671 eodem
404 1624 487 1668 ritu
528 1623 743 1669 celebrare
781 1635 1003 1687 poterant,
1052 1641 1135 1688 quo
1174 1625 1227 1682 ii,
1262 1624 1336 1688 qui
1366 1624 1523 1671 liberos
1556 1642 1584 1671 a

209 1700 358 1747 labore
389 1716 530 1745 annuo
564 1716 609 1745 se
642 1700 871 1745 sentientes
894 1700 1185 1753 exsultabant;
1218 1701 1294 1746 sed
1315 1701 1464 1746 eadem
1486 1719 1582 1746 cum

210 1775 391 1821 subditis
423 1775 601 1820 numina
642 1775 851 1837 agrestia,
898 1775 1123 1839 praecipue
1153 1774 1393 1832 Bacchum,
1442 1774 1581 1821 colere

211 1851 449 1906 debebant,
491 1851 649 1914 quippe
695 1851 767 1912 qui
809 1850 1118 1911 intelligerent,
1169 1849 1348 1894 salutem
1392 1850 1581 1895 omnium

210 1925 450 1987 dependere
484 1941 510 1968 a
540 1924 710 1985 frugum
739 1924 853 1968 felici
895 1941 1105 1969 successu.
1166 1922 1282 1967 Tum
1313 1923 1358 1969 hi
1396 1924 1578 1992 nobilio-

207 2017 275 2046 res
306 1999 352 2044 in
382 1997 505 2043 festis
551 1998 638 2043 suis
682 1997 823 2043 locum
869 1998 1037 2060 dedisse
1069 1998 1266 2044 videntur
1297 1998 1413 2062 lyrae
1445 1999 1576 2046 subli-

206 2074 332 2121 miori
365 2084 407 2118 et
437 2072 575 2134 magis
608 2090 802 2129 severae,
836 2091 942 2136 quae
985 2073 1193 2137 paulatim
1235 2075 1422 2119 carmina
1462 2075 1575 2137 agri-

206 2149 398 2197 colarum
429 2147 639 2204 removit,
671 2158 712 2193 et
742 2159 896 2213 postea
927 2148 972 2194 in
1004 2148 1156 2213 poesin
1188 2148 1402 2196 choricam
1432 2167 1573 2197 accre-

203 2228 277 2272 vit.
344 2224 646 2285 Quodcunque
669 2224 721 2269 de
753 2225 934 2269 istorum
956 2235 1196 2287 temporum
1218 2226 1455 2272 conditione
1481 2237 1574 2271 tra-

204 2303 318 2349 ditur
354 2319 450 2347 cum
489 2298 568 2345 hac
610 2298 812 2363 opinione
854 2299 963 2345 bene
994 2296 1229 2358 'convenit,
1273 2312 1315 2347 et
1351 2312 1574 2365 praeterea

202 2379 358 2424 idonea
390 2376 451 2421 sic
487 2374 613 2420 nobis
661 2375 891 2437 praebetur
936 2391 1086 2432 causa,
1136 2393 1266 2439 quare
1312 2387 1400 2421 tam
1444 2391 1574 2438 parca

204 2453 290 2499 sint
320 2451 478 2499 indicia
509 2450 740 2514 agrestium
770 2449 967 2498 ludorum
998 2451 1115 2514 apud
1134 2452 1333 2516 antiquos
1366 2450 1572 2507 Graecos,

203 2541 244 2574 et
277 2545 406 2592 quare
440 2527 493 2572 de
531 2527 687 2574 eadem
726 2544 772 2573 re
818 2526 936 2590 apud
974 2526 1204 2575 Romanos
1246 2525 1454 2589 largiores
1493 2523 1571 2572 flu·

202 2613 277 2648 ant
303 2602 457 2650 fontes.
