1730 3015
689 142 815 241 ‘69

92 329 219 397 parvi
245 331 514 379 aestimantes
544 342 633 374 non
664 339 895 386 curassent,
933 340 979 376 ut
1007 329 1191 393 posteris
1223 331 1447 389 traderent,

93 424 276 472 quanam
305 406 416 452 vitae
447 402 688 450 conditione
730 403 856 467 primi
887 403 1112 450 Musarum
1155 403 1338 450 cultores
1379 407 1446 452 usi

90 483 187 546 sint,
219 493 261 527 et
288 494 436 525 revera
465 486 630 540 partem
661 477 847 540 aliquam
878 478 999 524 huius
1030 481 1213 527 iacturae
1245 480 1443 543 antiquo-

87 560 179 602 r'um
211 554 510 600 Romanorum>
541 550 637 596 rudi
673 551 844 613 ingenio
883 552 1106 599 debemus:
1149 555 1222 600 sed
1260 571 1439 617 genera-

87 631 139 677 lis
168 630 243 676 ill-a
271 639 333 674 est
364 624 546 689 querela,
588 638 629 672 et
660 643 747 671 non
785 627 839 671 ad
874 627 1034 691 primos
1076 626 1299 676 Romanos
1336 647 1438 693 poe-

85 716 152 751 tas
183 703 313 760 solos,
354 701 428 747 sed
459 700 516 746 ad
546 717 694 747 omnes
727 700 914 747 omnium
952 712 1138 748 aetatum
1174 714 1215 749 et
1251 704 1435 768 populo-

83 793 177 825 rum
207 778 433 840 scriptores
464 776 658 840 pertinet.
719 775 913 823 Plurima
955 794 1062 840 quae
1103 778 1207 824 scire
1246 780 1436 842 cupimus

84 854 136 900 de
166 864 353 899 veterum
386 850 647 898 Graecorum
677 863 718 898 et
746 850 1044 898 Romanorum
1080 863 1303 915 poetarum
1333 854 1428 900 vitis

81 944 159 974 nos
190 926 367 988 fugiunt,
411 927 620 990 quaedam
650 939 887 990 temporum
918 928 1117 990 iniquitas
1158 928 1282 972 nobis
1324 928 1434 972 abri-

80 1002 181 1065 puit,
223 1000 363 1047 multa·
396 1018 497 1047 vero
536 1018 750 1065 nunquam
792 1003 1032 1066 conscripta
1070 1001 1250 1048 fuerunt.
1314 999 1434 1052 Num

77 1076 159 1121 hoc
187 1075 360 1121 insitum
390 1087 455 1121 est
484 1076 670 1121 humano
707 1076 891 1139 ingenio,
931 1088 978 1122 ut
1009 1089 1281 1140 quaecunque
1312 1077 1431 1138 inge-

76 1151 137 1196 nii
167 1167 298 1214 opera
327 1150 513 1212 perfecta
543 1150 626 1195 sint
654 1151 735 1196 sibi
765 1152 946 1197 vindicet
978 1151 1099 1214 quasi
1128 1150 1289 1198 κοινόν
1317 1151 1428 1216 κτῆ-

75 1244 157 1286 μα,
188 1236 230 1271 et
258 1224 399 1288 potius
432 1234 608 1286 quaerat
647 1225 748 1287 quid
779 1225 841 1286 ‘sit
871 1225 1086 1289 scriptum,
1130 1241 1257 1287 quam
1287 1241 1314 1270 a
1344 1241 1428 1288 quo

76 1311 118 1361 et
148 1300 299 1362 quibus
330 1298 672 1345 conditionibus?

191 1373 304 1418 Post
354 1372 653 1434 Sagittarium,
703 1372 740 1418 F
743 1373 933 1420 unccium
983 1373 1171 1437 aliosque
1222 1374 1428 1421 Osannus

75 1448 219 1494 omnia
248 1458 437 1492 veterum
468 1447 519 1492 de
542 1447 666 1494 Livio
696 1447 941 1494 Andronico
972 1449 1213 1494 testimonia
1243 1448 1425 1510 collegit,

74 1534 117 1569 et
145 1522 371 1567 maximam
401 1533 567 1584 partem
595 1521 703 1568 bene
734 1523 922 1585 digessit,
956 1534 1214 1587 quapropter
1245 1540 1295 1568 ea
1328 1522 1423 1568 sola

74 1598 256 1653 afferam,
286 1598 331 1642 in
362 1597 514 1659 quibus
546 1615 640 1642 cum
671 1597 760 1642 viro
793 1598 917 1643 docto
949 1598 1184 1643 consentire
1210 1614 1296 1641 non
1317 1613 1420 1659 pos-

75 1690 179 1719 sum.
238 1671 433 1718 Primum
452 1671 594 1735 itaque
613 1681 769 1718 certum
790 1683 866 1730 est,
882 1671 1064 1717 ‘Livium
1086 1671 1256 1717 natione
1280 1670 1418 1716 Grae-

74 1767 165 1794 cum
193 1748 346 1802 fuisse3
378 1747 431 1792 ab
463 1746 657 1793 omnibus
690 1747 801 1792 enim
833 1748 1072 1794 auctoribus
1098 1746 1253 1793 Graeci
1285 1758 1418 1793 artem

74 1823 344 1884 dramaticam
372 1822 498 1885 primi
518 1820 704 1866 Romam
735 1821 936 1867 detulisse
969 1822 1174 1877 dicuntur,
1206 1832 1248 1866 et
1267 1820 1415 1866 Livius

72 1898 231 1959 primus
277 1897 349 1943 ille
394 1896 484 1944 fuit.
554 1896 670 1942 Dein
714 1896 918 1953 Tarenti,
960 1897 1061 1941 urbe
1106 1896 1286 1950 Graeca,
1333 1897 1418 1957 qua

71 1972 197 2018 etiam
226 1983 315 2018 tum
344 1971 488 2034 lingua
518 1981 709 2033 artesque
731 1970 923 2018 Graecae
953 1970 1174 2025 florebant,
1207 1985 1233 2016 a
1253 1968 1415 2013 Roma-

70 2046 135 2091 nis
183 2058 330 2110 captus
369 2062 460 2090 esse
498 2044 630 2091 fertur
684 2044 792 2099 (Cic.
835 2045 959 2091 Brut.
994 2051 1060 2101 18,
1092 2051 1199 2099 72).
1262 2042 1415 2089 Cicero

67 2119 149 2168 hoc
179 2122 321 2167 scribit
350 2131 498 2167 testem
528 2120 707 2166 laudans
737 2121 898 2166 Attium
926 2126 978 2177 ¹),
1017 2120 1222 2183 fidemque
1253 2117 1413 2165 haben-

68 2196 167 2241 dam
205 2213 370 2252 censeo,
412 2213 668 2259 quamquam
708 2207 852 2241 orator
889 2196 982 2259 ipse
1022 2195 1182 2240 Attium
1220 2193 1410 2253 castigat,

69 2269 183 2335 quod
211 2269 257 2314 in
286 2270 609 2332 expugnatione,
642 2287 725 2331 qua
754 2270 813 2332 Q.
833 2270 995 2315 Fabius
1023 2269 1235 2314 Maximus
1265 2267 1412 2312 urbem

67 2344 236 2407 ceperit,
266 2342 437 2390 Livium
468 2356 636 2408 captum
674 2345 797 2391 dicat.
856 2344 988 2391 Lucio
1018 2342 1194 2406 Papirio
1227 2340 1412 2387 Cursore-

70 2429 111 2464 et
139 2419 214 2482 Sp.
248 2418 437 2469 Carvilio
474 2419 670 2470 Maximo
709 2419 836 2469 Coss.
865 2419 1094 2465 secundum
1121 2416 1158 2463 F
1161 2426 1277 2463 astos
1309 2432 1414 2461 con«

167 2606 202 2650 ¹)
234 2607 378 2645 Osann.
410 2610 569 2646 Ateium
601 2611 795 2658 nominat3-
824 2623 962 2661 sequor
994 2610 1192 2652 Orellium,
1228 2607 1272 2644 in
1303 2619 1411 2644 coma

67 2661 302 2713 parationem
326 2675 529 2708 vocantem
554 2680 587 2708 c.
612 2668 674 2717 64,
698 2674 780 2716 229.
