1730 3015
859 118 942 184 40

222 278 318 326 culo
353 276 551 323 solerent.
612 274 713 320 Hac
743 273 908 322 ratione
940 273 1101 337 templo
1135 274 1317 321 donatus
1338 284 1404 320 est
1423 273 1590 338 Jupiter

223 354 378 401 Stator
410 371 435 398 a
465 348 672 406 Romule,
706 360 748 394 et
777 348 1026 412 pestilentia
1056 348 1182 395 ludos
1206 348 1457 397 Saeculares
1481 349 1591 397 cele·

220 428 347 475 brare
378 426 603 472 Romanos
636 423 794 487 coegit;
835 424 1013 471 morbus
1051 425 1205 471 deinde
1236 423 1493 487 Aesculapio
1524 426 1591 471 in-

223 515 289 549 ter
331 501 563 547 Romanos
607 501 714 546 deos
754 498 896 546 locum
934 500 1071 558 dedit,
1112 511 1154 546 et
1190 519 1259 547 res
1297 501 1500 546 adversae
1539 500 1600 547 ad,

223 578 440 641 Magnam
471 575 667 622 Matrem
698 593 723 622 a
753 574 1010 622 Pessinunte
1041 574 1338 623 advehendam
1369 587 1411 622 et
1439 566 1499 621 ad
1528 575 1593 621 lu-

225 654 305 699 dos
337 653 422 715 ipsi
453 650 677 697 faciendos
716 651 989 713 impulerunt.
1050 651 1243 697 Romani
1282 652 1410 713 igitur
1440 662 1486 697 ut
1520 668 1594 697 va·
1621 681 1624 684 -

225 728 362 775 lerent
391 727 479 791 ipsi
517 725 643 772 ludos
663 725 756 777 'diis
789 726 1086 783 instituebant;
1130 726 1288 773 Graeci
1324 742 1446 783 vem,
1480 725 1598 788 quod

227 803 311 850 diis
342 802 468 847 ludos
502 801 672 865 placere
704 801 929 865 putabant,
962 802 1067 847 deos
1107 801 1220 847 enim
1260 801 1342 848 sibi
1379 800 1598 861 fingebant

227 878 317 942 ipsi
360 878 417 923 ad
458 876 620 938 ingenii
649 875 713 920 sui
754 886 981 931 naturam,
1006 876 1162 938 quique
1194 876 1379 939 populus
1421 875 1601 922 libenter

229 948 361 1009 ludit,
402 951 530 997 etiam
573 952 946 1014 φιλοπαίγμονας
984 948 1088 995 facit
1126 950 1245 996 deos.
1318 948 1410 996 Cfr.
1451 949 1601 1006 Plato,

233 1026 398 1091 Cratyl.
434 1024 662 1071 Tom.III.
695 1042 739 1087 p.
758 1024 858 1081 276,
892 1025 959 1070 ed.
989 1024 1095 1089 Bip.

351 1101 596 1147 Historiam
626 1117 762 1146 novae
796 1099 923 1157 artis,
954 1111 1001 1145 ut
1031 1100 1118 1146 iam
1149 1101 1206 1146 ad
1236 1099 1445 1146 Etruscos
1477 1100 1601 1146 ludos

230 1177 422 1225 Romam
462 1174 629 1221 delatos
671 1175 897 1231 accedam,
943 1175 1229 1237 ‚cognovimus
1279 1175 1505 1240 praecipue
1553 1165 1607 1221 eit

231 1252 348 1300 Livii
390 1263 432 1296 et
461 1248 637 1295 Valerii
682 1249 869 1295 Maximi
910 1250 1239 1296 narrationibus.
1309 1249 1429 1296 Loco
1473 1249 1603 1306 Livii,

236 1327 309 1389 qui
341 1335 458 1370 extat
497 1323 543 1369 in
582 1322 681 1368 libri
719 1323 890 1387 septimi
935 1324 1071 1387 capite
1115 1325 1315 1382 secundo,
1358 1325 1481 1370 multi
1523 1324 1605 1370 viri

236 1401 350 1446 docti
394 1415 571 1462 operam
608 1409 837 1454 navarunt,
875 1409 917 1443 ct
954 1410 1044 1443 tam
1087 1399 1209 1445 multi
1254 1417 1350 1445 eum
1392 1399 1605 1462 explicare

236 1474 379 1522 conati
410 1484 530 1529 sunt,
562 1482 629 1529 ut,
673 1472 745 1534 qui
786 1472 931 1517 omnia
964 1473 1157 1520 conferre
1189 1473 1340 1530 vellet,
1371 1472 1486 1521 haud
1515 1493 1604 1520 me-

238 1551 381 1596 diocre
415 1547 616 1592 volumen
638 1545 840 1609 expleret.
906 1548 996 1592 Sed
1026 1559 1068 1592 et
1096 1547 1165 1593 hic
1186 1548 1352 1604 accidit,
1377 1548 1492 1610 quod
1512 1547 1606 1611 ple—-

237 1640 416 1686 rumque
447 1622 494 1667 in
526 1620 793 1683 antiquitatis
826 1621 978 1678 studio,
1011 1633 1070 1679 ut,
1103 1639 1233 1685 quum
1253 1640 1321 1669 res
1349 1622 1606 1669 confundere

239 1714 350 1745 unus
392 1696 597 1760 coeperit,
629 1695 757 1742 ceteri
795 1707 1049 1759 sequantur,
1089 1715 1140 1744 ex
1172 1697 1420 1746 coniecturis
1465 1697 1607 1746 conie-

241 1785 385 1820 cturae
417 1772 621 1828 oriantur,
653 1782 695 1817 et
714 1782 979 1837 postremum
999 1789 1088 1819 non
1110 1784 1353 1836 quaeratur,
1389 1773 1607 1835 quomodo

243 1859 393 1894 auctor
422 1846 726 1908 intelligendus
760 1846 826 1903 sit,
848 1847 924 1892 sed
947 1847 1100 1909 quibus
1122 1847 1491 1910 interpretantium
1512 1864 1608 1893 sen-

244 1923 401 1969 tentiae
429 1920 569 1967 refelli
598 1920 781 1984 possint.
843 1920 1088 1984 Praecipua
1119 1938 1199 1970 sua
1241 1937 1340 1968 cura
1368 1921 1610 1969 iamlibra-

246 1997 300 2043 rii
328 1996 441 2041 hunc
476 1996 621 2042 locum
658 2012 781 2057 egere
824 2006 1098 2058 putaverunt,
1136 2007 1445 2060 coeperuntque
1482 1998 1612 2045 curri·-

249 2090 350 2136 gere
384 2082 426 2117 et
456 2087 739 2133 corrumpere,
771 2081 817 2115 ut
848 2087 1001 2119 sanam
1033 2072 1256 2120 lectionem
1277 2072 1495 2119 restituere
1529 2073 1610 2119 dif-

248 2138 469 2194 ficilimum
501 2144 569 2189 sit.
629 2142 910 2191 Recentiores
950 2146 1038 2193 fere
1082 2163 1230 2194 omnes
1270 2147 1332 2193 rei
1368 2147 1504 2212 ipsius
1537 2148 1612 2194 ob-

249 2223 317 2270 liti
346 2222 392 2267 in
423 2219 566 2266 verbis
598 2217 845 2276 haeserunt,
884 2237 968 2282 quo
1007 2219 1143 2278 facto,
1180 2221 1276 2270 licet
1314 2223 1448 2269 multa
1487 2240 1612 2286 prae-

253 2298 370 2343 clara
400 2296 612 2350 afferrent,
636 2304 779 2339 tamen
810 2310 897 2341 non
928 2296 1240 2358 expediverunt,
1264 2297 1479 2360 quomodo
1500 2314 1615 2343 nova
1678 2302 1680 2304 ’

253 2388 322 2419 ars
353 2369 562 2434 paulatim
593 2368 835 2426 accreverit,
856 2370 1179 2435 'maximamque
1200 2384 1368 2436 partem
1389 2390 1440 2419 eo
1471 2373 1516 2418 in
1547 2391 1612 2418 er-

254 2464 397 2493 rorem
435 2445 595 2492 inducti
635 2456 753 2502 sunt,
806 2445 920 2507 quod
967 2447 1165 2511 antiquos
1206 2448 1435 2496 Romanos
1474 2448 1615 2506 ludos,

256 2540 310 2569 ne
343 2520 474 2567 verbo
505 2521 676 2584 quidem
707 2521 764 2569 ad
794 2520 1118 2584 explicationem
1150 2523 1443 2572 adhibuerunt.
1504 2522 1616 2570 Mis-

262 2613 357 2643 sam
386 2597 528 2660 itaque
559 2596 741 2654 faciens,
784 2597 927 2660 quoad
956 2598 1048 2645 fieri
1076 2609 1240 2661 potest,
1281 2592 1619 2647 venerandorum
