1730 3015
869 111 910 174 4

322 266 455 315 Nunc
485 267 668 313 hederae
699 265 791 311 sine
822 265 985 311 honore
1017 266 1178 321 iacent:
1210 275 1477 329 operataque

1140 340 1278 386 doctis

324 418 437 463 Cura
468 414 571 476 vigil
602 414 747 459 Musis
779 430 939 458 nomen
968 413 1119 459 inertis
1154 414 1299 460 habet.

203 490 360 537 Graeci
403 490 570 536 theatra
612 488 858 546 visitabant,
900 499 943 535 et
985 487 1238 551 Olympiam
1278 487 1458 554 profecti
1488 505 1566 536 no-

200 567 436 612 bilissimos
485 568 602 612 viros
653 576 694 610 et
735 565 855 627 ipsos
893 581 1015 626 reges
1061 563 1298 627 splendidis
1350 565 1566 628 quadrigis

202 653 414 688 certantes
448 641 723 705 spectabant:

318 716 489 762 Romae
521 716 642 761 dulce
675 715 746 761 diu
778 715 859 761 fuit
890 726 932 760 et
964 715 1173 762 sollemne
1204 715 1369 761 reclusa

317 793 454 839 BIane
488 792 617 836 domo
649 791 850 852 vigilare,
884 790 1028 836 clienti
1059 808 1254 854 promere
1285 791 1389 848 iura,

319 867 482 912 Cautos
516 865 757 911 hominibus
790 866 918 911 rectis
951 866 1189 928 expendere
1220 882 1435 920 nummos,

318 942 511 991 Maiores
543 941 701 996 audire,
733 940 889 985 minori
921 940 1061 985 dicere
1085 952 1171 1003 'per
1203 957 1311 1003 quae

316 1017 522 1062 Crescere
553 1032 622 1061 res
655 1026 816 1078 posset,
848 1015 983 1060 minui
1012 1015 1220 1061 damnosa
1250 1016 1400 1062 libido.

263 1113 275 1124 ν
312 1091 387 1137 Ad
427 1109 553 1153 quem
596 1091 725 1151 igitur
756 1090 884 1135 finem
914 1091 960 1135 in
991 1101 1080 1136 arte
1114 1091 1282 1136 scenica
1312 1091 1403 1136 sine
1426 1091 1563 1137 Grae-

194 1167 252 1213 cis
283 1166 635 1230 praeceptoribus
668 1164 871 1221 Romani,
912 1182 1032 1209 suum
1063 1164 1281 1228 ingenium
1311 1167 1457 1223 secuti,
1490 1167 1562 1215 de-

192 1242 296 1287 ferri
335 1241 573 1305 potuerint,
622 1241 709 1285 iam
749 1240 938 1284 divinare
980 1239 1099 1295 licet,
1142 1241 1396 1304 pracsertim
1435 1258 1565 1304 quum

192 1316 279 1362 illis
312 1315 493 1378 egregiis
526 1315 769 1361 auctoribus
801 1331 901 1360 usos
933 1314 1015 1360 hoc
1043 1315 1183 1361 solum
1219 1314 1450 1378 perfecisse
1483 1334 1563 1363 eos

194 1392 395 1446 sciamus,
434 1401 479 1434 ut
510 1390 685 1450 aequius
718 1389 905 1435 feramus
935 1390 1136 1435 invidiam
1164 1401 1421 1452 temporum,
1455 1408 1562 1453 quae

191 1465 363 1511 Graeca
394 1464 657 1528 exemplaria
689 1465 814 1510 nobis
855 1465 1021 1527 eripuit.
1085 1462 1203 1511 Nam
1236 1466 1350 1528 quod
1382 1467 1433 1511 de
1466 1465 1560 1512 Ro-

188 1556 411 1585 manorum
444 1538 594 1583 litteris
626 1540 669 1583 in
702 1539 947 1584 universum
980 1540 1081 1584 dicit
1112 1539 1274 1584 Mauso
1306 1540 1351 1585 in
1382 1541 1561 1603 Addita-

188 1614 343 1660 mentis
386 1612 649 1661 Sulzerianis
693 1624 796 1659 tom.
827 1614 861 1658 I.
901 1625 1012 1679 part.
1035 1615 1070 1659 I.
1109 1614 1214 1672 init„
1252 1615 1296 1661 id
1336 1616 1562 1680 praecipue

189 1691 240 1735 de
263 1701 353 1735 arte
378 1689 615 1734 dramatica
645 1690 907 1734 monendum
938 1701 1023 1735 est:
1054 1708 1107 1735 ne
1142 1691 1236 1752 quis
1271 1691 1560 1748 obliviscatur,

185 1764 477 1827 vespertinum
509 1780 554 1808 se
586 1763 729 1808 videre
763 1763 871 1809 coeli
900 1764 1113 1820 ruborem,
1148 1781 1232 1826 quo
1253 1775 1348 1816 tum
1364 1765 1558 1811 homines

186 1838 524 1892 oblectabantur,
559 1854 689 1897 quum
723 1838 879 1882 Graeci
913 1838 1015 1882 solis
1050 1837 1255 1900 splendor
1286 1851 1528 1885 evanuerat.

308 1908 523 1955 Nonnulli
556 1910 628 1971 qui
661 1910 713 1954 de
744 1910 870 1955 rebus
893 1910 1105 1956 Romanis
1140 1912 1412 1975 scripserunt,
1445 1913 1555 1962 hunc

184 1985 393 2049 populum
435 1995 613 2047 propter
653 1984 826 2030 insitam
868 1986 1123 2048 gravitatem
1161 1986 1327 2033 ludicra
1366 1988 1553 2036 Graeco-

182 2078 278 2106 rum
310 2060 524 2123 sprevisse
558 2060 831 2118 contendunt,
865 2079 1043 2125 eumque
1076 2072 1210 2108 artem
1231 2063 1439 2110 scenicam
1463 2076 1553 2113 tum

181 2137 354 2180 demum
397 2136 607 2181 tolerasse
649 2134 885 2192 affirmant,
929 2154 1058 2199 quum
1105 2137 1191 2182 iam
1230 2139 1343 2201 ipse,
1385 2158 1551 2186 morum

181 2210 452 2273 simplicitate
485 2210 661 2264 amissa,
702 2209 858 2255 oblitus
891 2222 1017 2267 essct,
1057 2212 1254 2274 digniora
1286 2232 1379 2261 esse
1420 2232 1550 2279 appe-

177 2286 320 2330 tenda.
394 2285 510 2331 Ludi
547 2296 691 2331 autem
733 2284 817 2342 illi,
863 2286 915 2332 de
959 2287 1110 2350 quibus
1152 2288 1429 2353 disputamus,
1462 2307 1550 2335 non
1574 2347 1585 2349 Η

175 2359 336 2404 inventi
367 2371 477 2414 sunt,
515 2372 564 2406 ut
593 2360 811 2423 voluptate
844 2362 1058 2408 afficerent
1088 2380 1237 2409 sensus
1256 2401 1268 2421 ,
1312 2376 1354 2409 et
1394 2363 1548 2409 chorus

177 2431 442 2480 Graecorum
473 2435 670 2497 antiq-uus
704 2452 792 2480 non
824 2434 1007 2482 ludicras
1050 2456 1187 2501 nugas
1231 2438 1425 2494 canebat,
1471 2438 1548 2484 sed

172 2521 421 2567 argumenta
470 2510 674 2572 dignitate
719 2510 873 2573 plena,
920 2527 945 2556 a
988 2514 1197 2574 gravitate
1249 2512 1547 2559 Romanorum

170 2591 281 2627 certe
325 2600 414 2634 non
461 2584 763 2648 discrepantia.
843 2585 1097 2650 AeschyluS‚
1154 2586 1407 2651 SophocleS,
1453 2588 1546 2636 Eu·

1679 672 1730 755 1
