1730 3015
823 220 905 295 27

188 376 284 422 dem
314 377 454 423 sacris
477 374 667 433 enar-Tali
694 373 984 437 permittatux‘,
1015 385 1056 420 et
1083 375 1143 431 is,
1175 372 1249 437 qui
1285 372 1382 419 illas
1421 390 1538 420 asse-

186 462 301 497 cutus
332 452 426 506 sit‚·
442 448 654 499 continere
674 449 786 494 intra
814 449 1114 495 conscientiam
1146 460 1276 495 tectas
1305 448 1540 493 iubeatur.“

187 526 297 572 Cum
345 524 527 587 vulgari·
552 523 841 570 Saturnalium
890 522 1013 571 cultu:
1055 536 1251 571 ceterum·
1287 523 1323 569 is
1368 539 1543 585 compa-

186 602 272 646 rari
300 610 462 664 potest,
495 615 621 661 quem
652 597 697 642 in
728 598 988 661 Megalesiis·
1006 599 1263 660 reperimus3
1307 610 1348 645 et
1386 599 1430 643 in
1461 597 1543 643 hoc

185 676 428 739 praecipue
450 672 686 737 per-tinacia
706 671 1021 718 'Romanorum
1064 673 1263 728 cernitur,
1310 691 1393 736 qua
1432 673 1540 718 anti-

186 767 292 815 quos
322 765 463 795 mores
495 749 684 793 tenentes
714 765 769 813 ne
797 747 980 792 meliora
1006 746 1177 809 quidem
1206 747 1257 792 iis
1288 747 1422 794 suffici
1459 765 1537 811 pa-

186 826 408 871 tieBantur.
468 821 667 885 Populus
698 821 836 879 enim,
868 838 997 884 quum
1042 837 1141 865 mox
1180 824 1280 882 po'st
1320 823 1539 868 advectam

185 900 403 961 Magnam.
421 896 615 943 Matrem
632 896 743 943 ludi.
763 896 916 946 scenici
928 906 1062 954 ‚warte
1086 896 1178 942 :iam
1199 896 1463 960 spectabiles,
1494 896 1538 942 in

183 973 272 1018 eius
301 972 413 1018 festo
442 973 779 1027 instituerentur,
810 972 996 1033 priscum
1014 971 1147 1017 cultus
1173 972 1298 1016 ritum
1320 971 1538 1032 protraxit,

182 1047 311 1092 variis
357 1046 467 1092 inter
503 1045 647 1108 epulas
688 1045 867 1091 lusibus·
900 1056 944 1091 et
980 1045 1081 1091 iocis
1126 1045 1319 1092 Matrem
1364 1045 1538 1090 deorum

181 1121 410 1183 propitiam
441 1120 597 1166 civitati
626 1120 801 1166 reddere
840 1121 1027 1166 studens.
1099 1120 1169 1165 Ad
1209 1120 1319 1165 hunc
1361 1137 1535 1165 venera-

185 1194 315 1239 tionis
357 1211 518 1239 morem
569 1194 865 1240 animadvertit
914 1194 1134 1257 Vopiscus
1180 1194 1225 1239 in
1267 1194 1412 1239 Aurcl.
1443 1194 1535 1239 init.

184 1268 340 1330 Script.
362 1268 478 1313 Hist.
506 1268 684 1329 August.
719 1268 850 1313 Tom.
880 1269 937 1313 II.
969 1287 1015 1331 p.
1044 1274 1118 1324 15,
1147 1269 1200 1314 ed
1241 1268 1381 1330 Lugd.
1418 1268 1537 1324 Bae,

184 1342 350 1398 dicem,
383 1341 718 1403 Megalesiorum
747 1342 897 1386 diebus
929 1342 1106 1400 „omnia
1141 1341 1254 1387 festa
1290 1348 1328 1395 ¹)
1365 1354 1407 1387 et
1446 1342 1537 1387 fieri

146 1416 335 1469 ,debere
367 1426 409 1461 et
437 1415 570 1470 dici;“
611 1415 774 1477 largius
816 1432 917 1461 vero
960 1433 1057 1461 eum
1097 1415 1339 1461 describunt
1372 1417 1540 1474 Cicero,-

181 1489 325 1534 multis
368 1489 495 1546 locis,
537 1500 579 1534 et
619 1490 818 1536 Ovidius.
862 1489 980 1536 Fast.
1031 1489 1116 1536 IV.
1159 1495 1255 1546 131,
1290 1507 1385 1552 sqq.
1465 1491 1537 1536 De

181 1563 502 1620 imitationibus,
560 1581 668 1626 quae
720 1564 765 1609 in
814 1562 895 1610 boc
942 1563 1054 1609 festo
1107 1575 1153 1609 ut
1201 1564 1248 1609 in
1296 1565 1537 1611 Saturnali-

181 1638 261 1684 bus
291 1639 627 1700 usurpabantur,
658 1655 898 1683 sermonem
940 1638 1045 1684 facit
1083 1638 1354 1683 Herodianus
1387 1640 1422 1684 Ι.
1459 1650 1534 1685 10:

180 1710 294 1776 ἦρος
323 1711 447 1776 ἀρχῇ
476 1712 669 1759 εκάστου
708 1715 849 1766 ἔτους,
887 1713 1142 1777 ὡρισμένης
1178 1712 1355 1778 ἡμέρας
1390 1718 1538 1779 μητρι

182 1788 307 1834 θεῶν
337 1785 521 1851 πομπὴν
550 1786 730 1832 τελοῦσι
757 1787 994 1845 (Ρωμαῖοι.
1023 1814 1083 1820 —
1112 1814 1170 1820 —
1200 1813 1258 1820 -—
1287 1786 1450 1840 ἄνετός
1480 1809 1530 1835 τε

180 1860 291 1908 πᾶσι
321 1863 505 1908 δέδοται
540 1863 720 1917 ἐξουσία
755 1862 1046 1926 παντοδαπῆς
1085 1862 1290 1914 παιδιᾶς·
1327 1866 1538 1920 ἒέεαστος,’

182 1935 208 1983 ἵ
229 1935 456 1997 βούλεται
484 1934 663 2001 σχήμα,’
682 1934 993 1999 ὑποκρίνεται·
1023 1934 1116 1982 οὐδ’
1148 1939 1269 2000 ἔιῐτιν
1299 1936 1417 1983 οὕτω
1447 1940 1532 1997 με’-

182 2030 242 2070 γα
270 2010 302 2072 ἤ
333 2012 565 2074 ἐξαίρετον
601 2008 794 2069 ἀξίωμα,
832 2009 860 2057 ὂ
889 2008 955 2072 μή
984 2013 1117 2057 παντὶ
1154 2011 1217 2071 τῷ
1234 2014 1531 2073 -βουλομένῳ

183 2084 482 2149 ᾰμφιεσθέντι
510 2083 707 2149 ὑπάρχει
736 2089 899 2144 παῖξαί
925 2104 971 2132 τε
1011 2087 1089 2132 και
1116 2084 1293 2149 κρύψαι
1316 2085 1396 2152 τήν
1416 2087 1531 2153 ἀλή-

183 2163 344 2214 θειαν,
392 2160 468 2213 αῖς
491 2157 555 2226 μή
593 2164 766 2225 ῥαδίως
804 2161 1059 2222 διαγνῶναι
1095 2161 1176 2209 τόν
1214 2182 1262 2209 τε
1303 2161 1419 2210 ὄντα
1455 2165 1532 2210 καὶ

183 2230 275 2280 τόν.
296 2235 599 2295 μιμούμενον.

222 2347 224 2349 .
301 2307 470 2354 Eadem
511 2309 670 2356 laetitia
712 2311 825 2375 apud
867 2310 1089 2357 Romanos
1123 2312 1253 2358 Ceres
1285 2312 1528 2368 colebatur3

187 2380 277 2429 Cfr.
298 2382 419 2428 Fast.
440 2382 526 2429 IV.
549 2394 648 2441 391,
667 2402 767 2448 sqq.
787 2385 883 2431 Liv.
904 2385 1048 2431 XXII.
1063 2387 1132 2442 56,
1153 2397 1194 2432 et
1214 2386 1323 2431 adde
1342 2386 1527 2432 Alexan-

186 2457 307 2504 drum
334 2457 390 2502 ab
421 2455 694 2515 Alexandro,
727 2460 797 2522 qui
826 2459 960 2505 multa
988 2460 1040 2506 de
1079 2459 1323 2507 Cerealibus
1355 2460 1529 2506 contulit

285 2581 321 2639 ¹)
348 2581 421 2618 cfr.
447 2576 674 2618 salmasium
699 2580 747 2619 ad
774 2585 815 2620 h.
843 2586 872 2620 1.
897 2584 965 2635 qui
990 2584 1115 2620 festa
1150 2583 1188 2619 id
1215 2596 1295 2620 esse
1335 2584 1439 2634 quod
1466 2585 1527 2621 io-

184 2649 272 2675 cosa
300 2640 432 2678 multis
457 2640 577 2677 docet.
629 2644 686 2678 De
711 2643 847 2679 eodem
876 2644 970 2681 sesto
993 2643 1111 2680 etiam
1136 2643 1244 2680 docte
1277 2643 1352 2693 egit
1385 2645 1527 2683 casau-

184 2694 309 2737 bonus
333 2701 380 2737 ad
405 2700 667 2751 Lampridium
686 2702 735 2738 in
759 2702 877 2743 Alex.
900 2703 991 2741 δον.
1015 2715 1053 2751 p.
1081 2708 1164 2746 951.
1190 2703 1310 2741 eiusd.
1338 2704 1397 2742 ed.
