<?xml version="1.0" encoding="UTF-8"?>
<!DOCTYPE html PUBLIC "-//W3C//DTD XHTML 1.0 Transitional//EN"
    "http://www.w3.org/TR/xhtml1/DTD/xhtml1-transitional.dtd">
<html xmlns="http://www.w3.org/1999/xhtml" xml:lang="en" lang="en">
 <head>
  <title>
</title>
<meta http-equiv="Content-Type" content="text/html;charset=utf-8" />
  <meta name='ocr-system' content='tesseract 3.04.00' />
  <meta name='ocr-capabilities' content='ocr_page ocr_carea ocr_par ocr_line ocrx_word'/>
</head>
<body>
  <div class='ocr_page' id='page_1' title='image "4737173_0084.png"; bbox 0 0 1730 3015; ppageno 0'>
   <div class='ocr_carea' id='block_1_1' title="bbox 906 100 987 175">
    <p class='ocr_par' dir='ltr' id='par_1_1' title="bbox 906 100 987 175">
     <span class='ocr_line' id='line_1_1' title="bbox 906 100 987 175; baseline 0 -10"><span class='ocrx_word' id='word_1_1' title='bbox 906 100 987 175; x_wconf 85' lang='lat'><strong>70</strong></span> 
     </span>
    </p>
   </div>
   <div class='ocr_carea' id='block_1_2' title="bbox 209 254 1673 2565">
    <p class='ocr_par' dir='ltr' id='par_1_2' title="bbox 209 254 1673 2565">
     <span class='ocr_line' id='line_1_2' title="bbox 270 254 1629 320; baseline -0.001 -18"><span class='ocrx_word' id='word_1_2' title='bbox 270 256 432 303; x_wconf 90' lang='lat' dir='ltr'><strong>sulares</strong></span> <span class='ocrx_word' id='word_1_3' title='bbox 477 256 715 303; x_wconf 87' lang='lat' dir='ltr'><strong>Tarentum</strong></span> <span class='ocrx_word' id='word_1_4' title='bbox 758 272 785 301; x_wconf 89' lang='lat' dir='ltr'><strong>a</strong></span> <span class='ocrx_word' id='word_1_5' title='bbox 824 255 1041 301; x_wconf 87' lang='lat' dir='ltr'><strong>Romanis</strong></span> <span class='ocrx_word' id='word_1_6' title='bbox 1102 254 1285 320; x_wconf 84' lang='lat' dir='ltr'><strong>primum</strong></span> <span class='ocrx_word' id='word_1_7' title='bbox 1345 262 1516 317; x_wconf 87' lang='lat' dir='ltr'><strong>captum</strong></span> <span class='ocrx_word' id='word_1_8' title='bbox 1562 264 1629 300; x_wconf 87' lang='lat' dir='ltr'><strong>est</strong></span> 
     </span>
     <span class='ocr_line' id='line_1_3' title="bbox 271 327 1628 392; baseline -0.004 -13"><span class='ocrx_word' id='word_1_9' title='bbox 271 352 314 379; x_wconf 89' lang='lat' dir='ltr'><strong>u.</strong></span> <span class='ocrx_word' id='word_1_10' title='bbox 336 352 384 379; x_wconf 86' lang='lat' dir='ltr'><strong>c.</strong></span> <span class='ocrx_word' id='word_1_11' title='bbox 417 339 517 385; x_wconf 72' lang='grc'><strong>482.</strong></span> <span class='ocrx_word' id='word_1_12' title='bbox 551 332 632 385; x_wconf 82' lang='lat' dir='ltr'><strong>(Ita</strong></span> <span class='ocrx_word' id='word_1_13' title='bbox 662 330 901 384; x_wconf 86' lang='lat' dir='ltr'><strong>Petavius).</strong></span> <span class='ocrx_word' id='word_1_14' title='bbox 964 330 1014 377; x_wconf 93' lang='lat' dir='ltr'><strong>Si</strong></span> <span class='ocrx_word' id='word_1_15' title='bbox 1049 329 1132 377; x_wconf 90' lang='lat' dir='ltr'><strong>hac</strong></span> <span class='ocrx_word' id='word_1_16' title='bbox 1170 329 1479 392; x_wconf 86' lang='lat' dir='ltr'>expugnatione</span> <span class='ocrx_word' id='word_1_17' title='bbox 1510 327 1628 374; x_wconf 84' lang='lat' dir='ltr'><strong>Livi-</strong></span> 
     </span>
     <span class='ocr_line' id='line_1_4' title="bbox 272 396 1673 469; baseline -0.004 -16"><span class='ocrx_word' id='word_1_18' title='bbox 272 426 344 453; x_wconf 92' lang='lat' dir='ltr'><strong>um</strong></span> <span class='ocrx_word' id='word_1_19' title='bbox 376 418 545 469; x_wconf 87' lang='lat' dir='ltr'><strong>captum</strong></span> <span class='ocrx_word' id='word_1_20' title='bbox 587 405 788 468; x_wconf 88' lang='lat' dir='ltr'><strong>ponimus</strong></span> <span class='ocrx_word' id='word_1_21' title='bbox 829 406 993 452; x_wconf 85' lang='lat' dir='ltr'>circiter</span> <span class='ocrx_word' id='word_1_22' title='bbox 1032 414 1090 450; x_wconf 76' lang='lat'><strong>20</strong></span> <span class='ocrx_word' id='word_1_23' title='bbox 1120 421 1255 451; x_wconf 89' lang='lat' dir='ltr'><strong>annos</strong></span> <span class='ocrx_word' id='word_1_24' title='bbox 1292 414 1460 460; x_wconf 87' lang='lat' dir='ltr'><strong>natum,</strong></span> <span class='ocrx_word' id='word_1_25' title='bbox 1503 419 1630 465; x_wconf 88' lang='lat' dir='ltr'><strong>quam</strong></span> <span class='ocrx_word' id='word_1_26' title='bbox 1670 396 1673 400; x_wconf 83' lang='lat'>.</span> 
     </span>
     <span class='ocr_line' id='line_1_5' title="bbox 273 476 1630 543; baseline -0.002 -16"><span class='ocrx_word' id='word_1_27' title='bbox 273 492 454 527; x_wconf 89' lang='lat' dir='ltr'><strong>aetatem</strong></span> <span class='ocrx_word' id='word_1_28' title='bbox 484 480 569 543; x_wconf 86' lang='lat' dir='ltr'><strong>ipsi</strong></span> <span class='ocrx_word' id='word_1_29' title='bbox 607 480 789 526; x_wconf 87' lang='lat' dir='ltr'><strong>tribuere</strong></span> <span class='ocrx_word' id='word_1_30' title='bbox 830 480 1053 538; x_wconf 85' lang='lat' dir='ltr'><strong>debemus,</strong></span> <span class='ocrx_word' id='word_1_31' title='bbox 1094 497 1220 543; x_wconf 91' lang='lat' dir='ltr'><strong>quum</strong></span> <span class='ocrx_word' id='word_1_32' title='bbox 1255 478 1346 525; x_wconf 90' lang='lat' dir='ltr'><strong>veri</strong></span> <span class='ocrx_word' id='word_1_33' title='bbox 1382 478 1437 523; x_wconf 89' lang='lat' dir='ltr'><strong>sit</strong></span> <span class='ocrx_word' id='word_1_34' title='bbox 1479 476 1630 535; x_wconf 90' lang='lat' dir='ltr'><strong>simile,</strong></span> 
     </span>
     <span class='ocr_line' id='line_1_6' title="bbox 273 553 1631 619; baseline -0.003 -18"><span class='ocrx_word' id='word_1_35' title='bbox 273 573 370 601; x_wconf 89' lang='lat' dir='ltr'><strong>eum</strong></span> <span class='ocrx_word' id='word_1_36' title='bbox 403 555 586 601; x_wconf 80' lang='lat' dir='ltr'>Tarenti</span> <span class='ocrx_word' id='word_1_37' title='bbox 615 555 785 602; x_wconf 85' lang='lat' dir='ltr'><strong>fabulas</strong></span> <span class='ocrx_word' id='word_1_38' title='bbox 816 556 903 602; x_wconf 89' lang='lat' dir='ltr'><strong>iam</strong></span> <span class='ocrx_word' id='word_1_39' title='bbox 934 556 1093 619; x_wconf 87' lang='lat' dir='ltr'><strong>egisse;</strong></span> <span class='ocrx_word' id='word_1_40' title='bbox 1136 563 1186 600; x_wconf 87' lang='lat'><strong>51</strong></span> <span class='ocrx_word' id='word_1_41' title='bbox 1223 570 1357 599; x_wconf 88' lang='lat' dir='ltr'><strong>annos</strong></span> <span class='ocrx_word' id='word_1_42' title='bbox 1388 563 1511 598; x_wconf 90' lang='lat' dir='ltr'><strong>natus</strong></span> <span class='ocrx_word' id='word_1_43' title='bbox 1543 553 1631 615; x_wconf 87' lang='lat' dir='ltr'><strong>pri-</strong></span> 
     </span>
     <span class='ocr_line' id='line_1_7' title="bbox 273 622 1634 696; baseline 0.001 -22"><span class='ocrx_word' id='word_1_44' title='bbox 273 646 389 675; x_wconf 89' lang='lat' dir='ltr'><strong>mam</strong></span> <span class='ocrx_word' id='word_1_45' title='bbox 419 629 587 676; x_wconf 85' lang='lat' dir='ltr'><strong>Romae</strong></span> <span class='ocrx_word' id='word_1_46' title='bbox 621 630 765 677; x_wconf 87' lang='lat' dir='ltr'><strong>docuit</strong></span> <span class='ocrx_word' id='word_1_47' title='bbox 793 630 995 690; x_wconf 86' lang='lat' dir='ltr'><strong>fabulam,</strong></span> <span class='ocrx_word' id='word_1_48' title='bbox 1027 647 1133 696; x_wconf 89' lang='lat' dir='ltr'><strong>quae</strong></span> <span class='ocrx_word' id='word_1_49' title='bbox 1164 628 1271 676; x_wconf 87' lang='lat' dir='ltr'><strong>ratio</strong></span> <span class='ocrx_word' id='word_1_50' title='bbox 1302 622 1389 675; x_wconf 72' lang='lat' dir='ltr'><strong>rfon</strong></span> <span class='ocrx_word' id='word_1_51' title='bbox 1420 628 1634 692; x_wconf 82' lang='lat' dir='ltr'><strong>discrepat</strong></span> 
     </span>
     <span class='ocr_line' id='line_1_8' title="bbox 274 703 1634 768; baseline -0.002 -17"><span class='ocrx_word' id='word_1_52' title='bbox 274 722 301 751; x_wconf 88' lang='lat' dir='ltr'>a</span> <span class='ocrx_word' id='word_1_53' title='bbox 331 705 447 751; x_wconf 89' lang='lat' dir='ltr'><strong>Livii</strong></span> <span class='ocrx_word' id='word_1_54' title='bbox 483 706 676 752; x_wconf 82' lang='lat' dir='ltr'>historici</span> <span class='ocrx_word' id='word_1_55' title='bbox 713 707 977 762; x_wconf 84' lang='lat' dir='ltr'>narratione,</span> <span class='ocrx_word' id='word_1_56' title='bbox 1032 723 1114 768; x_wconf 87' lang='lat' dir='ltr'><strong>qua</strong></span> <span class='ocrx_word' id='word_1_57' title='bbox 1154 706 1270 761; x_wconf 89' lang='lat' dir='ltr'><strong>dicit,</strong></span> <span class='ocrx_word' id='word_1_58' title='bbox 1321 720 1476 767; x_wconf 86' lang='lat' dir='ltr'><strong>vocem</strong></span> <span class='ocrx_word' id='word_1_59' title='bbox 1512 703 1634 748; x_wconf 91' lang='lat' dir='ltr'><strong>illum</strong></span> 
     </span>
     <span class='ocr_line' id='line_1_9' title="bbox 276 777 1633 844; baseline -0.001 -20"><span class='ocrx_word' id='word_1_60' title='bbox 276 779 498 826; x_wconf 86' lang='lat' dir='ltr'><strong>obtudisse</strong></span> <span class='ocrx_word' id='word_1_61' title='bbox 530 779 699 844; x_wconf 89' lang='lat' dir='ltr'><strong>saepius</strong></span> <span class='ocrx_word' id='word_1_62' title='bbox 730 792 987 838; x_wconf 86' lang='lat' dir='ltr'><strong>revocatum,</strong></span> <span class='ocrx_word' id='word_1_63' title='bbox 1018 781 1132 827; x_wconf 90' lang='lat' dir='ltr'><strong>idem</strong></span> <span class='ocrx_word' id='word_1_64' title='bbox 1164 780 1285 843; x_wconf 64' lang='lat' dir='ltr'><strong>quod‘</strong></span> <span class='ocrx_word' id='word_1_65' title='bbox 1309 790 1350 825; x_wconf 92' lang='lat' dir='ltr'><strong>et</strong></span> <span class='ocrx_word' id='word_1_66' title='bbox 1379 778 1473 824; x_wconf 85' lang='lat' dir='ltr'><strong>aliis</strong></span> <span class='ocrx_word' id='word_1_67' title='bbox 1494 777 1633 824; x_wconf 86' lang='lat' dir='ltr'><strong>histri-</strong></span> 
     </span>
     <span class='ocr_line' id='line_1_10' title="bbox 278 848 1638 901; baseline -0.001 -2"><span class='ocrx_word' id='word_1_68' title='bbox 278 848 431 901; x_wconf 60' lang='lat' dir='ltr'><strong>onibus</strong></span> <span class='ocrx_word' id='word_1_69' title='bbox 477 855 521 899; x_wconf 91' lang='lat' dir='ltr'><strong>in</strong></span> <span class='ocrx_word' id='word_1_70' title='bbox 568 866 779 900; x_wconf 85' lang='lat' dir='ltr'><strong>senectute</strong></span> <span class='ocrx_word' id='word_1_71' title='bbox 826 856 1026 900; x_wconf 89' lang='lat' dir='ltr'><strong>accidisse</strong></span> <span class='ocrx_word' id='word_1_72' title='bbox 1073 855 1261 898; x_wconf 83' lang='lat' dir='ltr'><strong>traditur.</strong></span> <span class='ocrx_word' id='word_1_73' title='bbox 1334 853 1398 899; x_wconf 85' lang='lat' dir='ltr'><strong>V.</strong></span> <span class='ocrx_word' id='word_1_74' title='bbox 1443 853 1533 899; x_wconf 87' lang='lat' dir='ltr'><strong>Cic.</strong></span> <span class='ocrx_word' id='word_1_75' title='bbox 1580 853 1638 898; x_wconf 92' lang='lat' dir='ltr'><strong>ad</strong></span> 
     </span>
     <span class='ocr_line' id='line_1_11' title="bbox 278 926 1639 990; baseline -0.001 -16"><span class='ocrx_word' id='word_1_76' title='bbox 278 928 402 974; x_wconf 88' lang='lat' dir='ltr'><strong>Fam.</strong></span> <span class='ocrx_word' id='word_1_77' title='bbox 418 928 521 974; x_wconf 92' lang='lat' dir='ltr'>VII.</span> <span class='ocrx_word' id='word_1_78' title='bbox 540 940 576 972; x_wconf 94' lang='lat'><strong>1.</strong></span> <span class='ocrx_word' id='word_1_79' title='bbox 610 928 661 972; x_wconf 94' lang='lat' dir='ltr'><strong>de</strong></span> <span class='ocrx_word' id='word_1_80' title='bbox 692 928 831 990; x_wconf 85' lang='lat' dir='ltr'><strong>Legg.</strong></span> <span class='ocrx_word' id='word_1_81' title='bbox 848 928 883 973; x_wconf 94' lang='lat' dir='ltr'><strong>I.</strong></span> <span class='ocrx_word' id='word_1_82' title='bbox 905 939 946 983; x_wconf 91' lang='grc'><strong>4,</strong></span> <span class='ocrx_word' id='word_1_83' title='bbox 969 940 1035 972; x_wconf 89' lang='grc'><strong>11.</strong></span> <span class='ocrx_word' id='word_1_84' title='bbox 1096 927 1373 973; x_wconf 86' lang='lat' dir='ltr'><strong>Probabilior</strong></span> <span class='ocrx_word' id='word_1_85' title='bbox 1401 927 1469 974; x_wconf 90' lang='lat' dir='ltr'><strong>hic</strong></span> <span class='ocrx_word' id='word_1_86' title='bbox 1500 926 1639 974; x_wconf 90' lang='lat' dir='ltr'><strong>calcu·</strong></span> 
     </span>
     <span class='ocr_line' id='line_1_12' title="bbox 279 1001 1641 1067; baseline 0.001 -20"><span class='ocrx_word' id='word_1_87' title='bbox 279 1003 345 1067; x_wconf 86' lang='lat' dir='ltr'><strong>lus</strong></span> <span class='ocrx_word' id='word_1_88' title='bbox 389 1004 435 1047; x_wconf 83' lang='lat' dir='ltr'><strong>fit</strong></span> <span class='ocrx_word' id='word_1_89' title='bbox 475 1002 615 1047; x_wconf 90' lang='lat' dir='ltr'><strong>verbis</strong></span> <span class='ocrx_word' id='word_1_90' title='bbox 655 1001 837 1048; x_wconf 88' lang='lat' dir='ltr'><strong>Catonis</strong></span> <span class='ocrx_word' id='word_1_91' title='bbox 868 1002 1082 1059; x_wconf 83' lang='lat' dir='ltr'><strong>Maioris,</strong></span> <span class='ocrx_word' id='word_1_92' title='bbox 1120 1002 1194 1066; x_wconf 88' lang='lat' dir='ltr'><strong>qui</strong></span> <span class='ocrx_word' id='word_1_93' title='bbox 1235 1002 1348 1065; x_wconf 91' lang='lat' dir='ltr'><strong>apud</strong></span> <span class='ocrx_word' id='word_1_94' title='bbox 1388 1002 1641 1049; x_wconf 89' lang='lat' dir='ltr'><strong>Ciceronem</strong></span> 
     </span>
     <span class='ocr_line' id='line_1_13' title="bbox 209 1076 1639 1134; baseline -0.001 -12"><span class='ocrx_word' id='word_1_95' title='bbox 209 1122 218 1130; x_wconf 62' lang='lat'><em>,</em></span> <span class='ocrx_word' id='word_1_96' title='bbox 280 1077 331 1122; x_wconf 93' lang='lat' dir='ltr'><strong>de</strong></span> <span class='ocrx_word' id='word_1_97' title='bbox 365 1078 531 1124; x_wconf 90' lang='lat' dir='ltr'><strong>Senect.</strong></span> <span class='ocrx_word' id='word_1_98' title='bbox 558 1088 623 1128; x_wconf 88' lang='grc'><strong>14.</strong></span> <span class='ocrx_word' id='word_1_99' title='bbox 645 1083 714 1124; x_wconf 86' lang='grc'><strong>50.</strong></span> <span class='ocrx_word' id='word_1_100' title='bbox 748 1078 872 1131; x_wconf 82' lang='lat' dir='ltr'><strong>dicit3</strong></span> <span class='ocrx_word' id='word_1_101' title='bbox 914 1077 1050 1134; x_wconf 86' lang='lat' dir='ltr'><strong>„Vidi</strong></span> <span class='ocrx_word' id='word_1_102' title='bbox 1081 1077 1210 1122; x_wconf 88' lang='lat' dir='ltr'><strong>etiam</strong></span> <span class='ocrx_word' id='word_1_103' title='bbox 1249 1093 1425 1122; x_wconf 91' lang='lat' dir='ltr'><strong>senem</strong></span> <span class='ocrx_word' id='word_1_104' title='bbox 1455 1076 1639 1134; x_wconf 88' lang='lat' dir='ltr'><strong>Livium,</strong></span> 
     </span>
     <span class='ocr_line' id='line_1_14' title="bbox 283 1150 1640 1214; baseline 0.001 -19"><span class='ocrx_word' id='word_1_105' title='bbox 283 1151 355 1214; x_wconf 88' lang='lat' dir='ltr'><strong>qui</strong></span> <span class='ocrx_word' id='word_1_106' title='bbox 386 1168 517 1212; x_wconf 87' lang='lat' dir='ltr'><strong>quum</strong></span> <span class='ocrx_word' id='word_1_107' title='bbox 547 1168 621 1196; x_wconf 84' lang='lat' dir='ltr'><strong>sex</strong></span> <span class='ocrx_word' id='word_1_108' title='bbox 653 1151 801 1208; x_wconf 87' lang='lat' dir='ltr'><strong>annis,</strong></span> <span class='ocrx_word' id='word_1_109' title='bbox 839 1163 1066 1214; x_wconf 85' lang='lat' dir='ltr'><strong>antequam</strong></span> <span class='ocrx_word' id='word_1_110' title='bbox 1099 1167 1177 1213; x_wconf 88' lang='lat' dir='ltr'><strong>ego</strong></span> <span class='ocrx_word' id='word_1_111' title='bbox 1208 1162 1330 1196; x_wconf 88' lang='lat' dir='ltr'><strong>natus</strong></span> <span class='ocrx_word' id='word_1_112' title='bbox 1364 1168 1480 1208; x_wconf 85' lang='lat' dir='ltr'><strong>sum,</strong></span> <span class='ocrx_word' id='word_1_113' title='bbox 1515 1150 1640 1197; x_wconf 83' lang='lat' dir='ltr'><strong>fabu-</strong></span> 
     </span>
     <span class='ocr_line' id='line_1_15' title="bbox 281 1225 1643 1288; baseline 0.001 -18"><span class='ocrx_word' id='word_1_114' title='bbox 281 1225 370 1271; x_wconf 90' lang='lat' dir='ltr'><strong>lam</strong></span> <span class='ocrx_word' id='word_1_115' title='bbox 407 1226 639 1282; x_wconf 85' lang='lat' dir='ltr'><strong>docuisset,</strong></span> <span class='ocrx_word' id='word_1_116' title='bbox 680 1225 874 1272; x_wconf 85' lang='lat' dir='ltr'><strong>Centone</strong></span> <span class='ocrx_word' id='word_1_117' title='bbox 916 1227 1220 1288; x_wconf 89' lang='lat' dir='ltr'><strong>Tuditanoque</strong></span> <span class='ocrx_word' id='word_1_118' title='bbox 1255 1226 1379 1272; x_wconf 84' lang='lat' dir='ltr'><strong>Coss.</strong></span> <span class='ocrx_word' id='word_1_119' title='bbox 1410 1243 1543 1288; x_wconf 86' lang='lat' dir='ltr'><strong>usque</strong></span> <span class='ocrx_word' id='word_1_120' title='bbox 1585 1225 1643 1272; x_wconf 89' lang='lat' dir='ltr'><strong>ad</strong></span> 
     </span>
     <span class='ocr_line' id='line_1_16' title="bbox 286 1299 1642 1364; baseline 0.001 -19"><span class='ocrx_word' id='word_1_121' title='bbox 286 1299 617 1347; x_wconf 87' lang='lat' dir='ltr'><strong>adolescentiam</strong></span> <span class='ocrx_word' id='word_1_122' title='bbox 661 1317 802 1347; x_wconf 91' lang='lat' dir='ltr'><strong>meam</strong></span> <span class='ocrx_word' id='word_1_123' title='bbox 841 1301 1053 1364; x_wconf 89' lang='lat' dir='ltr'><strong>processit</strong></span> <span class='ocrx_word' id='word_1_124' title='bbox 1093 1303 1273 1346; x_wconf 85' lang='lat' dir='ltr'><strong>aetate.”</strong></span> <span class='ocrx_word' id='word_1_125' title='bbox 1315 1328 1373 1337; x_wconf 91' lang='lat'><strong>—-</strong></span> <span class='ocrx_word' id='word_1_126' title='bbox 1442 1300 1642 1363; x_wconf 92' lang='lat' dir='ltr'><strong>Denique</strong></span> 
     </span>
     <span class='ocr_line' id='line_1_17' title="bbox 286 1375 1642 1438; baseline 0.001 -18"><span class='ocrx_word' id='word_1_127' title='bbox 286 1392 445 1421; x_wconf 90' lang='lat' dir='ltr'><strong>nomen</strong></span> <span class='ocrx_word' id='word_1_128' title='bbox 486 1375 720 1421; x_wconf 89' lang='lat' dir='ltr'><strong>Andronici</strong></span> <span class='ocrx_word' id='word_1_129' title='bbox 764 1376 868 1421; x_wconf 88' lang='lat' dir='ltr'><strong>satis</strong></span> <span class='ocrx_word' id='word_1_130' title='bbox 930 1377 1138 1437; x_wconf 88' lang='lat' dir='ltr'><strong>originem</strong></span> <span class='ocrx_word' id='word_1_131' title='bbox 1189 1375 1397 1421; x_wconf 87' lang='lat' dir='ltr'><strong>Graecam</strong></span> <span class='ocrx_word' id='word_1_132' title='bbox 1448 1392 1642 1438; x_wconf 91' lang='lat' dir='ltr'><strong>compro—</strong></span> 
     </span>
     <span class='ocr_line' id='line_1_18' title="bbox 287 1449 1645 1513; baseline 0.001 -18"><span class='ocrx_word' id='word_1_133' title='bbox 287 1449 382 1505; x_wconf 87' lang='lat' dir='ltr'><strong>bat,</strong></span> <span class='ocrx_word' id='word_1_134' title='bbox 434 1460 479 1494; x_wconf 90' lang='lat' dir='ltr'><strong>ut</strong></span> <span class='ocrx_word' id='word_1_135' title='bbox 521 1466 630 1512; x_wconf 89' lang='lat' dir='ltr'><strong>opus</strong></span> <span class='ocrx_word' id='word_1_136' title='bbox 670 1467 757 1495; x_wconf 91' lang='lat' dir='ltr'><strong>non</strong></span> <span class='ocrx_word' id='word_1_137' title='bbox 797 1451 853 1495; x_wconf 88' lang='lat' dir='ltr'><strong>sit</strong></span> <span class='ocrx_word' id='word_1_138' title='bbox 891 1450 1059 1496; x_wconf 88' lang='lat' dir='ltr'><strong>aliunde</strong></span> <span class='ocrx_word' id='word_1_139' title='bbox 1099 1460 1345 1512; x_wconf 84' lang='lat' dir='ltr'><strong>argumenta</strong></span> <span class='ocrx_word' id='word_1_140' title='bbox 1383 1450 1645 1513; x_wconf 89' lang='lat' dir='ltr'><strong>detorquere,</strong></span> 
     </span>
     <span class='ocr_line' id='line_1_19' title="bbox 288 1522 1645 1586; baseline 0 -17"><span class='ocrx_word' id='word_1_141' title='bbox 288 1524 440 1586; x_wconf 89' lang='lat' dir='ltr'><strong>quibus</strong></span> <span class='ocrx_word' id='word_1_142' title='bbox 472 1522 688 1570; x_wconf 87' lang='lat' dir='ltr'><strong>evincatur</strong></span> <span class='ocrx_word' id='word_1_143' title='bbox 720 1524 931 1570; x_wconf 89' lang='lat' dir='ltr'><strong>Graecum</strong></span> <span class='ocrx_word' id='word_1_144' title='bbox 972 1525 1100 1582; x_wconf 83' lang='lat' dir='ltr'><strong>fuisse</strong></span> <span class='ocrx_word' id='word_1_145' title='bbox 1143 1525 1376 1578; x_wconf 88' lang='lat' dir='ltr'><strong>hominem,</strong></span> <span class='ocrx_word' id='word_1_146' title='bbox 1418 1525 1534 1585; x_wconf 92' lang='lat' dir='ltr'><strong>quod</strong></span> <span class='ocrx_word' id='word_1_147' title='bbox 1572 1541 1645 1569; x_wconf 93' lang='lat' dir='ltr'><strong>vo-</strong></span> 
     </span>
     <span class='ocr_line' id='line_1_20' title="bbox 288 1598 1648 1661; baseline 0.002 -19"><span class='ocrx_word' id='word_1_148' title='bbox 288 1598 421 1643; x_wconf 90' lang='lat' dir='ltr'><strong>luisse</strong></span> <span class='ocrx_word' id='word_1_149' title='bbox 468 1609 571 1661; x_wconf 91' lang='lat' dir='ltr'><strong>puto</strong></span> <span class='ocrx_word' id='word_1_150' title='bbox 606 1598 849 1653; x_wconf 90' lang='lat' dir='ltr'><strong>Osannum,</strong></span> <span class='ocrx_word' id='word_1_151' title='bbox 900 1599 970 1661; x_wconf 87' lang='lat' dir='ltr'><strong>qui</strong></span> <span class='ocrx_word' id='word_1_152' title='bbox 1016 1600 1061 1644; x_wconf 87' lang='lat' dir='ltr'><strong>in</strong></span> <span class='ocrx_word' id='word_1_153' title='bbox 1106 1599 1214 1645; x_wconf 87' lang='lat' dir='ltr'><strong>libro</strong></span> <span class='ocrx_word' id='word_1_154' title='bbox 1260 1598 1432 1644; x_wconf 86' lang='lat' dir='ltr'><strong>laudato</strong></span> <span class='ocrx_word' id='word_1_155' title='bbox 1478 1598 1576 1644; x_wconf 91' lang='lat' dir='ltr'><strong>inde</strong></span> <span class='ocrx_word' id='word_1_156' title='bbox 1619 1616 1648 1645; x_wconf 90' lang='lat' dir='ltr'><strong>a</strong></span> 
     </span>
     <span class='ocr_line' id='line_1_21' title="bbox 290 1671 1644 1737; baseline 0.001 -19"><span class='ocrx_word' id='word_1_157' title='bbox 290 1691 333 1737; x_wconf 87' lang='lat' dir='ltr'><strong>p.</strong></span> <span class='ocrx_word' id='word_1_158' title='bbox 360 1683 427 1720; x_wconf 90' lang='lat'><strong>10.</strong></span> <span class='ocrx_word' id='word_1_159' title='bbox 458 1673 579 1719; x_wconf 89' lang='lat' dir='ltr'><strong>Festi</strong></span> <span class='ocrx_word' id='word_1_160' title='bbox 609 1671 762 1729; x_wconf 88' lang='lat' dir='ltr'><strong>locum,</strong></span> <span class='ocrx_word' id='word_1_161' title='bbox 794 1692 835 1718; x_wconf 87' lang='lat' dir='ltr'><strong>v.</strong></span> <span class='ocrx_word' id='word_1_162' title='bbox 859 1673 1133 1730; x_wconf 86' lang='lat' dir='ltr'><strong>solitaurilia,</strong></span> <span class='ocrx_word' id='word_1_163' title='bbox 1176 1673 1417 1720; x_wconf 88' lang='lat' dir='ltr'><strong>coniectura</strong></span> <span class='ocrx_word' id='word_1_164' title='bbox 1447 1691 1522 1719; x_wconf 92' lang='lat' dir='ltr'><strong>sua</strong></span> <span class='ocrx_word' id='word_1_165' title='bbox 1552 1685 1644 1720; x_wconf 87' lang='lat' dir='ltr'><strong>ten-</strong></span> 
     </span>
     <span class='ocr_line' id='line_1_22' title="bbox 292 1748 1648 1812; baseline 0.001 -18"><span class='ocrx_word' id='word_1_166' title='bbox 292 1759 426 1794; x_wconf 88' lang='lat' dir='ltr'><strong>tatum</strong></span> <span class='ocrx_word' id='word_1_167' title='bbox 455 1748 501 1794; x_wconf 90' lang='lat' dir='ltr'><strong>in</strong></span> <span class='ocrx_word' id='word_1_168' title='bbox 532 1748 732 1793; x_wconf 84' lang='lat' dir='ltr'><strong>auxilium</strong></span> <span class='ocrx_word' id='word_1_169' title='bbox 763 1759 900 1807; x_wconf 90' lang='lat' dir='ltr'><strong>vocat,</strong></span> <span class='ocrx_word' id='word_1_170' title='bbox 942 1766 1024 1812; x_wconf 92' lang='lat' dir='ltr'><strong>quo</strong></span> <span class='ocrx_word' id='word_1_171' title='bbox 1066 1749 1247 1812; x_wconf 89' lang='lat' dir='ltr'><strong>patriam</strong></span> <span class='ocrx_word' id='word_1_172' title='bbox 1283 1748 1399 1794; x_wconf 89' lang='lat' dir='ltr'><strong>Livii</strong></span> <span class='ocrx_word' id='word_1_173' title='bbox 1436 1748 1648 1796; x_wconf 88' lang='lat' dir='ltr'><strong>Graecam</strong></span> 
     </span>
     <span class='ocr_line' id='line_1_23' title="bbox 291 1822 1646 1880; baseline 0 -10"><span class='ocrx_word' id='word_1_174' title='bbox 291 1841 388 1870; x_wconf 92' lang='lat' dir='ltr'><strong>esse</strong></span> <span class='ocrx_word' id='word_1_175' title='bbox 418 1823 568 1870; x_wconf 88' lang='lat' dir='ltr'><strong>urbem</strong></span> <span class='ocrx_word' id='word_1_176' title='bbox 599 1824 873 1869; x_wconf 83' lang='lat' dir='ltr'><strong>demonstret.</strong></span> <span class='ocrx_word' id='word_1_177' title='bbox 933 1824 1052 1871; x_wconf 89' lang='lat' dir='ltr'><strong>Festi</strong></span> <span class='ocrx_word' id='word_1_178' title='bbox 1081 1824 1236 1880; x_wconf 88' lang='lat' dir='ltr'><strong>locum,</strong></span> <span class='ocrx_word' id='word_1_179' title='bbox 1277 1823 1394 1869; x_wconf 88' lang='lat' dir='ltr'><strong>haud</strong></span> <span class='ocrx_word' id='word_1_180' title='bbox 1434 1822 1525 1869; x_wconf 91' lang='lat' dir='ltr'><strong>leve</strong></span> <span class='ocrx_word' id='word_1_181' title='bbox 1555 1841 1646 1870; x_wconf 90' lang='lat' dir='ltr'><strong>mo-</strong></span> 
     </span>
     <span class='ocr_line' id='line_1_24' title="bbox 294 1897 1647 1961; baseline 0.003 -19"><span class='ocrx_word' id='word_1_182' title='bbox 294 1910 497 1954; x_wconf 86' lang='lat' dir='ltr'><strong>mentum,</strong></span> <span class='ocrx_word' id='word_1_183' title='bbox 529 1899 574 1943; x_wconf 89' lang='lat' dir='ltr'><strong>in</strong></span> <span class='ocrx_word' id='word_1_184' title='bbox 605 1898 892 1961; x_wconf 88' lang='lat' dir='ltr'><strong>disputatione</strong></span> <span class='ocrx_word' id='word_1_185' title='bbox 933 1899 985 1944; x_wconf 89' lang='lat' dir='ltr'><strong>de</strong></span> <span class='ocrx_word' id='word_1_186' title='bbox 1027 1898 1187 1943; x_wconf 89' lang='lat' dir='ltr'><strong>meritis</strong></span> <span class='ocrx_word' id='word_1_187' title='bbox 1229 1897 1460 1961; x_wconf 89' lang='lat' dir='ltr'><strong>primorum</strong></span> <span class='ocrx_word' id='word_1_188' title='bbox 1500 1910 1647 1961; x_wconf 87' lang='lat' dir='ltr'><strong>poeta-</strong></span> 
     </span>
     <span class='ocr_line' id='line_1_25' title="bbox 295 1963 1647 2036; baseline 0.001 -18"><span class='ocrx_word' id='word_1_189' title='bbox 295 1990 391 2018; x_wconf 88' lang='lat' dir='ltr'><strong>rum</strong></span> <span class='ocrx_word' id='word_1_190' title='bbox 421 1972 731 2029; x_wconf 87' lang='lat' dir='ltr'><strong>Romanorum,</strong></span> <span class='ocrx_word' id='word_1_191' title='bbox 770 1973 936 2018; x_wconf 88' lang='lat' dir='ltr'><strong>silentio</strong></span> <span class='ocrx_word' id='word_1_192' title='bbox 967 1963 1396 2036; x_wconf 84' lang='lat' dir='ltr'><strong>praetermittendum</strong></span> <span class='ocrx_word' id='word_1_193' title='bbox 1426 1990 1514 2018; x_wconf 91' lang='lat' dir='ltr'><strong>non</strong></span> <span class='ocrx_word' id='word_1_194' title='bbox 1550 1992 1647 2019; x_wconf 92' lang='lat' dir='ltr'><strong>cen-</strong></span> 
     </span>
     <span class='ocr_line' id='line_1_26' title="bbox 300 2046 1648 2112; baseline 0.002 -20"><span class='ocrx_word' id='word_1_195' title='bbox 300 2063 395 2101; x_wconf 90' lang='lat' dir='ltr'><strong>seo;</strong></span> <span class='ocrx_word' id='word_1_196' title='bbox 446 2046 588 2110; x_wconf 89' lang='lat' dir='ltr'><strong>itaque</strong></span> <span class='ocrx_word' id='word_1_197' title='bbox 632 2063 871 2111; x_wconf 86' lang='lat' dir='ltr'><strong>apponam:</strong></span> <span class='ocrx_word' id='word_1_198' title='bbox 921 2046 1215 2105; x_wconf 75' lang='lat' dir='ltr'><strong>„solitaurilia</strong></span> <span class='ocrx_word' id='word_1_199' title='bbox 1255 2063 1410 2093; x_wconf 90' lang='lat' dir='ltr'><strong>nomen</strong></span> <span class='ocrx_word' id='word_1_200' title='bbox 1453 2048 1648 2112; x_wconf 89' lang='lat' dir='ltr'><strong>antiquae</strong></span> 
     </span>
     <span class='ocr_line' id='line_1_27' title="bbox 299 2121 1647 2184; baseline -0.001 -14"><span class='ocrx_word' id='word_1_201' title='bbox 299 2122 617 2171; x_wconf 87' lang='lat' dir='ltr'><strong>consuetudinis</strong></span> <span class='ocrx_word' id='word_1_202' title='bbox 653 2139 731 2184; x_wconf 89' lang='lat' dir='ltr'><strong>per</strong></span> <span class='ocrx_word' id='word_1_203' title='bbox 767 2140 897 2167; x_wconf 91' lang='lat' dir='ltr'><strong>unum</strong></span> <span class='ocrx_word' id='word_1_204' title='bbox 934 2121 988 2178; x_wconf 17' lang='lat' dir='ltr'><strong>L*</strong></span> <span class='ocrx_word' id='word_1_205' title='bbox 1009 2121 1215 2168; x_wconf 88' lang='lat' dir='ltr'><strong>enuntiari</strong></span> <span class='ocrx_word' id='word_1_206' title='bbox 1252 2139 1338 2167; x_wconf 91' lang='lat' dir='ltr'><strong>non</strong></span> <span class='ocrx_word' id='word_1_207' title='bbox 1378 2133 1441 2169; x_wconf 92' lang='lat' dir='ltr'><strong>est</strong></span> <span class='ocrx_word' id='word_1_208' title='bbox 1482 2124 1647 2181; x_wconf 89' lang='lat' dir='ltr'><strong>mirum,</strong></span> 
     </span>
     <span class='ocr_line' id='line_1_28' title="bbox 302 2196 1649 2261; baseline 0.001 -18"><span class='ocrx_word' id='word_1_209' title='bbox 302 2198 402 2261; x_wconf 90' lang='lat' dir='ltr'><strong>quia</strong></span> <span class='ocrx_word' id='word_1_210' title='bbox 430 2196 549 2243; x_wconf 90' lang='lat' dir='ltr'><strong>nulla</strong></span> <span class='ocrx_word' id='word_1_211' title='bbox 579 2207 678 2243; x_wconf 88' lang='lat' dir='ltr'><strong>tunc</strong></span> <span class='ocrx_word' id='word_1_212' title='bbox 708 2196 1000 2258; x_wconf 82' lang='lat' dir='ltr'><strong>geminabatur</strong></span> <span class='ocrx_word' id='word_1_213' title='bbox 1024 2196 1163 2244; x_wconf 76' lang='lat' dir='ltr'><strong>litter‘a</strong></span> <span class='ocrx_word' id='word_1_214' title='bbox 1182 2197 1226 2243; x_wconf 87' lang='lat' dir='ltr'><strong>in</strong></span> <span class='ocrx_word' id='word_1_215' title='bbox 1245 2198 1488 2246; x_wconf 87' lang='lat' dir='ltr'><strong>scribendo:</strong></span> <span class='ocrx_word' id='word_1_216' title='bbox 1521 2216 1649 2261; x_wconf 87' lang='lat' dir='ltr'><strong>quam</strong></span> 
     </span>
     <span class='ocr_line' id='line_1_29' title="bbox 302 2271 1649 2336; baseline 0.001 -18"><span class='ocrx_word' id='word_1_217' title='bbox 302 2273 651 2319; x_wconf 89' lang='lat' dir='ltr'><strong>consuetudinem</strong></span> <span class='ocrx_word' id='word_1_218' title='bbox 680 2271 848 2318; x_wconf 88' lang='lat' dir='ltr'><strong>Ennius</strong></span> <span class='ocrx_word' id='word_1_219' title='bbox 878 2272 1109 2327; x_wconf 86' lang='lat' dir='ltr'><strong>mutavisse</strong></span> <span class='ocrx_word' id='word_1_220' title='bbox 1150 2272 1292 2330; x_wconf 85' lang='lat' dir='ltr'><strong>fertur,</strong></span> <span class='ocrx_word' id='word_1_221' title='bbox 1334 2284 1479 2336; x_wconf 83' lang='lat' dir='ltr'><strong>utpote</strong></span> <span class='ocrx_word' id='word_1_222' title='bbox 1512 2273 1649 2320; x_wconf 89' lang='lat' dir='ltr'><strong>Grae-</strong></span> 
     </span>
     <span class='ocr_line' id='line_1_30' title="bbox 302 2347 1652 2411; baseline -0.002 -15"><span class='ocrx_word' id='word_1_223' title='bbox 302 2365 375 2396; x_wconf 88' lang='lat' dir='ltr'><strong>cus</strong></span> <span class='ocrx_word' id='word_1_224' title='bbox 409 2348 578 2395; x_wconf 90' lang='lat' dir='ltr'><strong>Graeco</strong></span> <span class='ocrx_word' id='word_1_225' title='bbox 608 2364 727 2394; x_wconf 91' lang='lat' dir='ltr'><strong>more</strong></span> <span class='ocrx_word' id='word_1_226' title='bbox 756 2364 873 2404; x_wconf 83' lang='lat' dir='ltr'><strong>usuS,</strong></span> <span class='ocrx_word' id='word_1_227' title='bbox 915 2348 1029 2410; x_wconf 90' lang='lat' dir='ltr'><strong>quod</strong></span> <span class='ocrx_word' id='word_1_228' title='bbox 1063 2347 1126 2394; x_wconf 89' lang='lat' dir='ltr'><strong>illi</strong></span> <span class='ocrx_word' id='word_1_229' title='bbox 1167 2365 1298 2411; x_wconf 88' lang='lat' dir='ltr'><strong>aeque</strong></span> <span class='ocrx_word' id='word_1_230' title='bbox 1321 2348 1652 2408; x_wconf 10' lang='lat' dir='ltr'><strong>‚scribentes-&gt;ac</strong></span> 
     </span>
     <span class='ocr_line' id='line_1_31' title="bbox 304 2422 1653 2486; baseline -0.001 -17"><span class='ocrx_word' id='word_1_231' title='bbox 304 2424 495 2485; x_wconf 87' lang='lat' dir='ltr'><strong>legentes</strong></span> <span class='ocrx_word' id='word_1_232' title='bbox 529 2423 803 2486; x_wconf 90' lang='lat' dir='ltr'><strong>duplicabant</strong></span> <span class='ocrx_word' id='word_1_233' title='bbox 832 2434 968 2468; x_wconf 90' lang='lat' dir='ltr'><strong>mutas</strong></span> <span class='ocrx_word' id='word_1_234' title='bbox 1000 2434 1041 2470; x_wconf 94' lang='lat' dir='ltr'><strong>et</strong></span> <span class='ocrx_word' id='word_1_235' title='bbox 1069 2422 1343 2470; x_wconf 88' lang='lat' dir='ltr'><strong>semivocales</strong></span> <span class='ocrx_word' id='word_1_236' title='bbox 1371 2434 1413 2469; x_wconf 91' lang='lat' dir='ltr'><strong>et</strong></span> <span class='ocrx_word' id='word_1_237' title='bbox 1431 2422 1653 2485; x_wconf 74' lang='lat' dir='ltr'><strong>liquida8.&#39;&#39;</strong></span> 
     </span>
     <span class='ocr_line' id='line_1_32' title="bbox 302 2496 1653 2565; baseline 0.001 -21"><span class='ocrx_word' id='word_1_238' title='bbox 302 2498 530 2557; x_wconf 90' lang='lat' dir='ltr'><strong>Rationes,</strong></span> <span class='ocrx_word' id='word_1_239' title='bbox 563 2499 713 2562; x_wconf 88' lang='lat' dir='ltr'><strong>quibus</strong></span> <span class='ocrx_word' id='word_1_240' title='bbox 736 2499 907 2547; x_wconf 90' lang='lat' dir='ltr'><strong>Osann.</strong></span> <span class='ocrx_word' id='word_1_241' title='bbox 937 2516 1024 2565; x_wconf 24' lang='lat' dir='ltr'><strong>pro·</strong></span> <span class='ocrx_word' id='word_1_242' title='bbox 1046 2499 1245 2547; x_wconf 88' lang='lat' dir='ltr'><strong>Ennius</strong></span> <span class='ocrx_word' id='word_1_243' title='bbox 1274 2497 1543 2547; x_wconf 88' lang='lat' dir='ltr'><strong>commendat</strong></span> <span class='ocrx_word' id='word_1_244' title='bbox 1568 2496 1653 2545; x_wconf 90' lang='lat' dir='ltr'><strong>Li-</strong></span> 
     </span>
    </p>
   </div>
   <div class='ocr_carea' id='block_1_3' title="bbox 843 192 1058 197">
    <p class='ocr_par' dir='ltr' id='par_1_3' title="bbox 843 192 1058 197">
     <span class='ocr_line' id='line_1_33' title="bbox 843 192 1058 197; baseline 0 0"><span class='ocrx_word' id='word_1_245' title='bbox 843 192 1058 197; x_wconf 95' lang='lat' dir='ltr'><strong> </strong></span> 
     </span>
    </p>
   </div>
  </div>
 </body>
</html>
