1730 3015
881 114 968 182 52

245 271 414 333 λόγους
442 285 517 317 eos
549 267 777 323 vocabant,
809 264 890 314 huc
918 266 1088 313 trahere
1119 282 1197 331 pro
1219 275 1470 329 argumento
1491 267 1609 324 nolo,

246 348 362 410 quod
394 347 446 391 de
477 343 585 407 ipsis
616 357 685 386 nes
717 341 868 386 certius
901 341 1215 387 demonstratur
1243 340 1339 386 loco
1370 341 1536 386 Donati
1564 342 1611 386 in

247 423 344 468 libr.
366 421 418 466 de
442 418 567 464 Com.
590 429 632 463 et
656 417 807 478 Trag.,
836 415 914 461 uhi
943 416 1161 480 explicans
1193 416 1294 479 quid
1325 415 1380 461 sit
1415 415 1611 464 aulaeum

248 507 291 541 et
322 493 542 557 siparium,
577 492 745 539 scribit:
776 490 890 548 „Est
921 502 1059 536 autem
1087 492 1300 537 mimicum
1330 490 1473 536 velum
1493 491 1612 554 quod

247 569 410 634 populo
449 568 644 624 obsistit,
688 568 789 612 dum
824 565 1062 612 fabularum
1104 578 1217 613 actus
1257 571 1612 612 commutantur.“

247 644 413 692 Velum
443 642 527 688 hoc
557 642 772 688 mimicum
802 652 1027 704 propterea
1060 640 1287 706 appellari,
1326 641 1440 704 quod
1482 641 1613 688 Mimi

248 730 347 764 ante
379 718 462 763 hoc
494 718 649 762 exodia
681 727 857 779 agerent
885 716 973 760 iam
995 716 1068 761 alii
1088 717 1292 761 viderunt.
1317 716 1406 761 Cir.
1429 716 1611 778 Ziegler.

249 793 279 840 l.
301 794 331 839 l.
353 812 397 857 p.
421 799 463 839 8.
526 793 578 838 In
605 791 752 837 eadem
776 790 1101 837 Dissertatione
1132 790 1332 838 Donatus
1363 792 1503 848 ἰοεοε,
1542 790 1614 855 qui

249 869 362 915 inter
392 880 508 914 actus
539 868 669 912 risum
700 866 888 920 ciebant,
921 865 1199 927 compitalitia
1218 867 1379 913 ludicra
1407 866 1612 924 nominat,

252 944 405 1007 quibus
458 940 671 997 „admisto
711 939 1071 1001 pronuntiationis
1113 939 1308 995 modulo,
1354 942 1454 985 dum
1494 952 1611 986 actus

251 1024 623 1069 commutarentur,
655 1012 838 1075 populus
872 1012 1067 1058 detentus
1101 1014 1199 1058 sit.“
1260 1013 1383 1060 Haec
1404 1015 1546 1060 omnia
1569 1015 1614 1061 in

177 1110 188 1119 ²
250 1109 372 1137 suam
402 1107 491 1134 rem
523 1098 767 1132 convertere
798 1097 968 1151 poterat
998 1086 1298 1145 Hermannus,
1332 1106 1461 1153 quum
1481 1089 1613 1135 Boet-

249 1166 374 1228 tigeri
434 1163 708 1219 sententiam,
766 1162 835 1207 in·
867 1161 990 1207 DiSS.
1043 1162 1095 1208 de
1147 1174 1343 1225 quattuor
1404 1165 1613 1210 aetatibus

249 1241 312 1286 rei
335 1239 524 1285 scenicae
549 1237 664 1301 apud
677 1246 853 1292 veteres,
875 1240 1000 1299 p.15.
1024 1238 1291 1301 propositam
1313 1239 1431 1285 finito
1446 1256 1613 1303 quoque

253 1326 349 1361 actu
381 1325 567 1360 actorem
599 1311 848 1375 primarium
879 1312 935 1356 ad
956 1311 1104 1357 tibiam
1133 1313 1328 1359 saltando
1351 1325 1611 1377 spectatores

251 1389 505 1443 oblectasse,
537 1387 659 1431 docte
690 1384 925 1441 refelleret,
957 1385 1179 1448 disputans
1202 1388 1254 1433 de
1277 1387 1405 1434 Cant.
1421 1389 1465 1434 in
1481 1387 1611 1434 Rom.

248 1463 338 1509 fab.
364 1463 531 1525 Opusc.
566 1460 696 1505 Tom.
720 1460 754 1504 I.
777 1478 820 1523 p.
844 1469 944 1516 290,
966 1478 1060 1524 sqq.
1122 1461 1363 1525 Postquam
1394 1479 1495 1509 vero
1526 1463 1611 1517 illis

249 1538 354 1584 iocis
376 1601 379 1602 ⁷
400 1555 451 1581 ex
496 1547 687 1597 tempore
744 1533 851 1579 fusis
899 1534 1028 1580 Mimi
1064 1547 1107 1580 et
1143 1536 1406 1600 Planipedes
1448 1549 1612 1601 specta-

250 1624 366 1657 tores
400 1610 614 1655 oblectare
646 1620 893 1671 coeperant,
927 1620 1016 1654 tum
1043 1610 1170 1655 etiam
1192 1612 1438 1656 exodiorum
1457 1628 1615 1659 nomen

249 1686 304 1733 ab
337 1684 570 1741 Atellanis,
604 1683 694 1746 qui,
727 1682 762 1729 si
796 1681 910 1745 Lydi
940 1683 992 1730 de
1014 1683 1136 1747 Mag.
1164 1684 1296 1735 Rom.
1318 1685 1352 1731 Ι.
1390 1695 1487 1738 140.
1515 1685 1612 1735 loco

250 1771 450 1823 corrupto
481 1759 608 1803 fidem
639 1758 795 1805 habere
826 1775 1077 1820 possumus,
1108 1759 1228 1804 initio
1261 1761 1386 1805 etiam
1423 1761 1611 1806 Exodia-

249 1835 301 1880 rii
333 1834 597 1889 dicebantur,
629 1833 686 1878 ad
715 1832 813 1878 illos
843 1832 1062 1895 migravit,
1094 1844 1136 1877 et
1172 1844 1218 1879 ut
1248 1835 1445 1880 exodium
1477 1835 1612 1884 facete

250 1921 296 1955 et
329 1908 500 1954 scurrile
533 1908 715 1963 dictum,
762 1909 823 1951 ita
852 1907 1132 1964 Exodiarius‚
1179 1910 1448 1966 saumonem,
1496 1928 1610 1957 scur—
1685 1937 1690 1945 ·

253 2000 348 2028 ram
370 1980 601 2036 scenicum,
634 1979 892 2043 apinarium,
924 1990 1158 2025 taxatorem
1181 1981 1348 2035 (Festus
1370 2003 1409 2029 v.
1434 1985 1609 2040 Taxat.)

252 2056 440 2120 generali
461 2054 746 2118 appellatione
768 2054 1045 2116 significabat.
1105 2055 1167 2101 Hi
1187 2056 1407 2104 Exodiarii
1428 2060 1457 2105 ii
1478 2072 1609 2116 erant,

253 2147 361 2194 quos
392 2127 611 2176 Juvenalis
642 2127 903 2173 Scholiastes
935 2140 1155 2176 memorat.
1217 2131 1346 2193 Quod
1376 2133 1518 2197 itaque
1538 2134 1610 2183 ille

249 2206 368 2262 dicit,
400 2205 445 2250 in
476 2205 559 2249 fine
590 2202 831 2248 fabularum
863 2215 1077 2266 spectatos
1108 2222 1200 2251 esse
1221 2207 1500 2265 Exodiari0s‚
1522 2227 1610 2255 non

249 2281 310 2327 ita
340 2277 609 2344 interpretari
640 2293 894 2340 possumus,
925 2289 970 2323 ut
1000 2278 1231 2327 iocationes
1265 2299 1364 2328 suas
1398 2294 1608 2330 certoar-

249 2367 474 2418 gumento,
507 2352 636 2399 simili
667 2355 926 2413 argumentis
958 2353 1196 2402 dramatum
1227 2357 1529 2420 Satyricorum,
1553 2360 1609 2405 ad

248 2440 387 2475 actam
418 2428 609 2473 fabulam
638 2420 837 2472 retulisse
869 2426 1080 2474 dicantur:
1111 2441 1310 2494 poterant
1341 2432 1512 2495 quidem
1542 2433 1607 2479 fa-

245 2504 391 2551 bulam
421 2515 463 2549 et
495 2513 659 2548 actores
693 2501 904 2559 cavillari,
938 2504 1014 2549 sed
1044 2505 1101 2550 ad
1130 2506 1348 2552 notionem
1388 2508 1606 2570 propriam

243 2575 574 2632 Exodiariorum
602 2576 709 2623 haec
738 2593 828 2622 non
858 2577 1144 2641 pertinebant.
1212 2579 1386 2627 Exodia
1425 2581 1606 2647 denique
