1730 3015
792 227 869 287 21

150 375 485 424 adhibebantur.'
542 375 744 423 Valerius
785 375 922 433 enim,
974 387 1148 423 narrata
1188 375 1367 435 Raude,
1420 394 1504 442 qua

148 450 371 511 tibicines,
397 452 468 517 qui
492 449 699 497 -Romam
732 451 829 498 irati
869 450 1140 516 reliquerant,
1183 452 1287 500 vino
1328 469 1502 500 somno-

148 539 228 591 que
278 528 408 593 sopiti
445 525 780 584 reducebantur,
827 538 997 573 senatus
1049 528 1297 575 auctoritate
1360 527 1504 590 Quin-

146 604 356 665 quau—ium
385 604 525 648 lusum
555 601 792 647 institutum
823 618 918 647 esse
947 602 1061 658 dicit,
1092 620 1385 666 personasque
1421 603 1501 649 ad·

142 675 300 724 hibitas
327 676 520 741 „pudore
541 675 849 722 circumventae
869 674 1175 722 temulentiae.''
1230 677 1378 741 Itaque
1400 695 1498 742 per·

143 768 346 798 sonarum
374 767 473 797 usus
504 768 600 796 cum
628 748 728 795 festi
759 749 920 811 origine
941 748 1153 806 cohaeret,
1185 751 1303 813 quod
1321 763 1363 798 et
1377 752 1495 799 vOvi-

142 826 236 873 dius
267 826 391 872 docet
419 825 465 870 in
493 824 531 869 F
533 835 616 870 ast.
635 823 721 870 VI.
743 824 844 880 654,
868 839 974 887 sqq:
1302 839 1306 843 ·

259 899 382 961 Quid
411 898 495 944 sibi
523 897 749 963 personae,
782 898 884 963 quid
914 897 1028 944 stola
1058 898 1200 962 longa>
1220 898 1400 946 volunt?

189 1081 191 1084 <
256 1048 451 1095 Plautius
481 1059 528 1095 ut
555 1059 733 1113 possent
763 1050 907 1113 specie
936 1066 1196 1114 numeroque
1226 1059 1421 1132 senatum

311 1123 494 1181 Fallere,
525 1124 722 1187 personis
752 1124 933 1188 imperat
961 1141 1038 1170 ora
1068 1122 1167 1187 tegi.

253 1197 555 1259 Admiscetque
586 1198 721 1243 alios:
752 1210 795 1244 et
822 1211 869 1244 ut
897 1199 1008 1245 hanc
1039 1199 1212 1244 tibicina
1242 1209 1409 1245 coetum

312 1270 494 1332 Augeat,
523 1270 567 1315 in
597 1270 737 1331 longis
767 1271 955 1317 vestibus
985 1272 1047 1317 ire
1077 1272 1208 1317 iubet.
1242 1299 1300 1305 -
1320 1299 1379 1306 -—-
1400 1298 1458 1313 -.-

252 1344 347 1392 Res
379 1343 562 1408 placuit:
592 1343 786 1407 cultuque
816 1362 930 1390 novo
960 1345 1065 1390 libet
1094 1345 1241 1391 Idibus
1270 1346 1357 1400 uti;

311 1418 373 1463 Et
402 1435 552 1464 canere
583 1419 640 1463 ad
670 1430 835 1464 veteres
867 1418 996 1464 verba
1025 1419 1171 1465 iocosa
1199 1421 1370 1466 modos.

138 1495 302 1541 Totam
342 1504 484 1539 autem
523 1493 811 1540 narrationem
851 1504 1093 1552 auctorum,
1145 1504 1252 1558 quos
1292 1495 1491 1553 laudavi,

134 1581 293 1617 attente
323 1568 533 1631 legentem
563 1569 793 1632 praeterire
823 1569 980 1632 nequit,
1009 1587 1099 1615 rem
1128 1570 1188 1615 ita
1217 1570 1412 1633 proponi,
1443 1581 1490 1615 ut

133 1635 324 1691 tibicines
375 1659 462 1688 non
506 1643 634 1705 primi
673 1643 916 1689 inventores
958 1661 1036 1689 nec
1084 1660 1362 1706 personarum
1406 1661 1487 1689 nec

133 1717 357 1765 velationis
394 1716 641 1771 videantnr3
682 1716 734 1761 de
770 1717 961 1779 utrisque
995 1717 1108 1761 enim
1151 1734 1239 1763 non
1278 1727 1324 1762 ut
1355 1717 1409 1763 de
1437 1733 1487 1764 re

132 1808 259 1849 nova,
285 1791 362 1837 vsed
395 1790 565 1853 cognita
604 1790 690 1836 iam
731 1790 903 1847 dudum,
944 1801 1033 1835 tum
1072 1807 1172 1836 vero
1211 1790 1395 1853 primum
1437 1790 1483 1843 in

134 1866 350 1912 tibicinum
382 1881 507 1910 usum
526 1881 687 1920 -vcrsa,
737 1864 969 1909 disseritur.
1030 1864 1090 1910 Et
1126 1880 1273 1910 revera
1302 1864 1362 1909 ita
1402 1873 1481 1909 est.

133 1940 235 1986 Iam
255 1939 449 1987 ludiones
479 1938 548 1984 *illi
577 1938 763 1996 Etrusci,
792 1937 881 2001 vqui
908 1937 1034 2001 primi
1063 1938 1108 1983 in
1136 1937 1263 1984 ludos
1294 1936 1484 1984 scenicos

130 2014 430 2062 Romanorum
462 2014 685 2077 >quandam
725 2025 860 2060 artem
887 2013 1128 2071 intulerunt,
1170 2031 1210 2060 a.
1240 2032 1284 2059 u.
1314 2032 1350 2059 c.
1381 2021 1486 2068 391.

134 2088 291 2150 (itaque
322 2100 419 2135 ante
449 2088 673 2145 tibicines),
705 2105 794 2133 non
824 2087 916 2133 sine
947 2088 1114 2134 scenico
1144 2097 1353 2151 apparatu
1380 2101 1483 2150 pro-

133 2162 249 2208 disse
287 2162 493 2221 videntur,
537 2163 651 2227 quod
680 2174 824 2209 tame-n
852 2162 899 2207 in
929 2162 1155 2209 discrimen
1184 2179 1272 2224 non
1302 2160 1482 2216 vocabo,

134 2253 263 2301 quum
291 2237 497 2284 nonnulla
515 2248 702 2284 veterum
721 2236 936 2284 luculenta
954 2237 1198 2283 testim0nia
1227 2234 1479 2284 sententiam

132 2326 273 2357 meam
312 2320 517 2367 evertam,
556 2322 616 2369 et,
659 2311 698 2356 si
729 2322 849 2357 -reete
886 2328 934 2356 se
970 2310 1172 2367 habeant,
1214 2322 1384 2355 omnem
1422 2306 1477 2351 de

134 2401 410 2450 personarum
438 2401 519 2431 usu
548 2386 724 2450 antiquo
764 2387 1055 2450 quaestionem
1082 2384 1248 2432 tollant.
1283 2381 1377 2428 -De
1406 2378 1475 2426 his

132 2462 273 2525 itaque
300 2459 419 2524 prius
448 2460 685 2506 dicendum.

177 2552 181 2567 ²
236 2535 317 2582 -Ut
344 2532 522 2590 Donati,
552 2532 640 2580 sive
668 2533 874 2581 Evanthii
887 2571 899 2593 ,
938 2535 987 2582 in:
1012 2535 1124 2582 libro
1151 2534 1203 2580 de
1234 2528 1473 2579 Comoedia

130 2607 457 2671 «ets-Tragoedia
484 2607 682 2654 iudicium
712 2609 767 2655 de
795 2619 1001 2673 tempore,
1034 2624 1118 2672 quo
1145 2606 1275 2654 larvis
1294 2605 1355 2651 uti
1375 2619 1472 2649 coe·

122 2682 292 2747 *per-int„
309 2682 526 2742 Romani,
552 2682 1059 2749 praetereauglocuples
1086 2681 1213 2742 nobis
1251 2689 1319 2730 est
1355 2676 1476 2726 testis
