1730 3015
868 159 949 223 90

230 316 395 363 honore
424 324 549 361 erant
576 328 715 377 neque
744 313 991 378 frequenter
1020 311 1273 377 legebantur
1297 314 1382 361 nisi
1413 330 1440 361 a
1460 308 1686 381 grafia

228 390 397 438 maticis
416 400 461 436 et
480 389 519 435 si
539 388 614 453 qui
641 400 815 453 praeter
843 405 919 436 eos
950 388 1193 452 antiquitati
1212 401 1255 437 et
1279 390 1413 437 veteri
1430 390 1601 455 lmgme

233 465 477 513 studebant.
541 463 767 511 Ciceronis
797 463 1056 510 sententiam
1086 463 1140 510 de
1169 462 1367 513 Livianis
1404 454 1636 516 carnffl‘iss

231 542 312 588 hus
341 555 474 605 supra
503 539 650 587 attuli.
679 550 855 604 excepta
866 539 1151 603 simplicitate,
1166 539 1296 587 nullis
1324 540 1546 587 laudibus
1543 556 1602 604 (ε,

232 617 367 679 digna
394 614 540 662 habet.
570 613 801 672 Horatius,
834 614 908 679 qui
940 631 1043 661 suae
1073 614 1234 661 aetatis
1254 625 1408 679 poetas
1452 620 1616 663 contra‘

234 683 500 756 antiquitatis
529 688 775 736 laudatores
811 688 1028 748 defendit,
1063 701 1108 737 et
1149 689 1335 748 acriore,
1375 707 1505 754 quam
1538 681 1605 755 Β,
1631 705 1638 713 »

234 776 347 824 erat,
414 765 543 817 dente
600 764 799 829 antiquos
860 765 1151 830 persequitur,
1207 765 1381 813 Livium
1445 773 1520 821 (ut
1549 773 1606 831 -qt

233 841 467 899 Naevium,
505 839 723 898 Ennium,
774 839 1026 899 Pacuvium,
1079 839 1328 898 Afranium,
1382 837 1607 900 Plautum,
1695 831 1700 839 ¹

235 916 527 973 Terentium),
570 916 829 972 contemnit,
872 925 916 960 et
957 931 1047 960 non
1081 911 1320 979 =praemium
1358 926 1487 980 atque
1527 915 1606 962 ho·-

234 1010 385 1040 norem
423 992 504 1037 sed
539 990 711 1038 veniam
740 1001 920 1037 tantum
962 991 1001 1037 ei
1041 991 1238 1038 concedit
1284 1000 1350 1046 (v.
1371 990 1401 1038 l.
1423 991 1453 1037 l.
1474 1010 1515 1037 v.
1536 998 1608 1048 ὅσ,

236 1074 366 1153 sqq..)
428 1064 583 1126 Quam
612 1065 741 1112 fidem
761 1064 859 1112 huic
877 1065 1035 1112 iudicio
1055 1065 1213 1113 habere
1234 1066 1467 1130 possimus,
1487 1077 1606 1129 egre

236 1142 306 1206 gie
336 1141 482 1189 docuit
510 1139 677 1186 Manso
710 1149 775 1195 (v.
801 1139 995 1187 Collecta
1019 1141 1114 1186 eius
1147 1141 1305 1204 Scrip't.
1327 1140 1477 1187 Germ.
1497 1139 1609 1212 IIL).

235 1217 381 1265 Paulo
409 1226 512 1280 post
540 1214 753 1261 Horatius
784 1214 938 1261 iterum
968 1215 1085 1262 Livii
1121 1216 1383 1263 mentionem
1419 1214 1537 1274 facit,
1567 1223 1612 1262 et

238 1292 453 1359 quaedam
482 1290 617 1338 verba
647 1291 807 1338 decoia
836 1290 1153 1356 nonnullosque
1184 1308 1333 1340 versus
1365 1290 1610 1339 concimuo-

238 1385 310 1417 res
341 1367 383 1413 ei
412 1365 571 1423 tribuit,
602 1376 694 1413 tota
724 1383 825 1432 vero
863 1378 1065 1430 poemata
1105 1385 1242 1432 neque
1283 1367 1435 1432 pulcra
1472 1380 1612 1432 neque

240 1442 466 1491 emendata
496 1456 594 1488 esse
625 1440 742 1487 dicit.
809 1439 1036 1487 Romanos
1069 1440 1240 1498 Naevii,
1272 1441 1419 1500 Ennii,
1450 1452 1610 1489 cetero*
1650 1441 1652 1443 ’

236 1533 416 1582 rumque
446 1515 720 1579 antiquorum
760 1527 984 1581 poetartun
1026 1517 1218 1565 carmina
1252 1516 1448 1563 Livianis
1484 1524 1610 1582 praei

239 1593 405 1649 tulisse,
445 1591 652 1638 conicitur
694 1609 747 1637 ex
787 1592 1042 1638 testimoniis
1079 1609 1212 1658 supra
1249 1591 1414 1650 allatis,
1461 1593 1612 1657 quihus

242 1667 422 1725 accedit,
453 1676 500 1711 ut
529 1665 690 1729 plureS,
722 1666 796 1730 qui
825 1666 880 1712 de
916 1667 1062 1729 poesis
1102 1666 1329 1714 Romanae
1367 1665 1610 1716 auctoribus

241 1742 393 1808 primis
424 1757 667 1787 sermonem
696 1739 871 1799 faciunt,
904 1758 1135 1806 eorumque
1167 1743 1329 1808 scripta
1358 1744 1447 1790 sive
1466 1760 1609 1809 repre·

240 1818 434 1865 hendunt
464 1817 565 1862 sive
608 1815 810 1873 laudant,
853 1815 1028 1863 Livium
1059 1818 1233 1863 omnino
1273 1819 1486 1864 omittant.
1518 1818 1611 1865 Cfi’

243 1893 474 1940 Osannum
503 1909 538 1938 c.
564 1901 602 1935 1.
621 1890 726 1949 init„
747 1891 995 1938 ubivellem
1013 1892 1058 1938 in
1087 1890 1283 1939 Volcatii
1311 1892 1496 1956 Sedigiti
1515 1911 1610 1942 ver*

245 1967 362 2014 sibus
396 1985 421 2012 e
461 1965 597 2012 Gellii
633 1963 696 2013 N.
728 1968 782 2012 A.
815 1967 920 2015 XV.
952 1974 1035 2024 24,
1088 1968 1228 2014 allatis
1273 1968 1483 2015 rationem
1533 1970 1609 2017 ha-

244 2041 418 2088 buisset
439 2039 626 2086 Acidalii
654 2042 963 2088 emendationis
997 2042 1098 2097 (vid.
1119 2043 1267 2090 Divin.
1300 2054 1344 2090 et
1372 2043 1534 2109 Interp.
1566 2044 1610 2092 in

245 2110 392 2162 Plaut.
424 2113 634 2161 Comoed.
666 2133 709 2177 p.
729 2115 787 2169 6).

753 2333 1106 2348 *-
