1730 3015
887 156 971 235 20

181 300 185 302 ’
250 311 525 359 'tranianum
562 309 607 356 in
650 307 845 355 Mirahn.
888 327 924 356 c.
963 319 1006 362 ι..
1081 306 1226 371 Quem
1266 321 1368 352 vero
1409 305 1608 353 zosimus

248 385 351 435 sesti
378 387 506 432 ritum
536 381 732 448 explicat,
765 383 1003 430 cavendum
1033 393 1099 430 est
1128 400 1183 429 ne
1213 380 1394 428 eundem
1414 380 1609 444 *antiquis

250 460 517 526 temporibus
565 459 613 504 iu
655 475 737 504 usu
776 457 910 506 fuisse
948 474 1222 513 eenseamus3
1263 467 1374 504 certe
1415 454 1504 501 ludi
1547 456 1610 503 illi

250 536 409 583 scenici
446 533 640 598 Augusti
673 544 843 591 aetate,
866 550 996 597 quum
1024 533 1069 580 in
1088 532 1350 580 :renovandis
1382 531 1610 578 saeculari·

248 610 330 657 bus
371 608 508 655 multa
548 608 840 665 mutabantur,
890 607 1028 654 additi
1069 625 1166 655 esse
1206 607 1420 663 videntur,
1464 605 1526 651 ita
1565 617 1611 651 ut

247 701 329 750 pro
360 694 476 730 certo
506 681 589 729 hoc
627 681 767 729 solum
796 682 1008 729 venditari
1048 682 1200 746 possit,
1241 681 1452 728 eboricum
1490 679 1611 744 hym-

252 776 356 805 num
385 757 617 821 antiquitus
641 756 884 804 adhibitum
914 774 1023 804 esse.

371 832 575 879 Existunt
604 832 785 896 denique
814 832 940 879 etiam
972 832 1181 895 quaedam
1220 831 1377 878 indicia
1411 830 1611 877 imitatio-

254 926 358 955 num
397 907 443 953 in
481 907 667 969 antiquis
708 905 999 962 sollemnibus,
1043 917 1086 951 et
1122 906 1220 952 licet
1266 905 1438 953 difficile
1477 907 1532 952 sit
1568 906 1613 952 in

253 981 436 1045 singulis
466 991 580 1026 reete
611 996 829 1026 secernere
870 994 936 1037 ea,
979 995 1088 1043 quae
1128 979 1409 1032 recentiorum
1450 990 1633 1044 tempo-t

252 1075 346 1103 rum
375 1072 479 1103 usus
511 1053 761 1111 adiunxerit,
792 1065 937 1099 tamen
964 1057 1159 1118 μίμησιν
1186 1070 1275 1099 non
1292 1071 1469 1116 prorsus
1490 1056 1612 1117 igno-

234 1142 343 1178 ‘tam
373 1128 586 1187 Romanis
624 1128 777 1187 fuisse,
821 1139 1054 1192 antequam
1094 1127 1310 1193 peregrini
1351 1147 1446 1175 eam
1487 1130 1613 1176 doce·

254 1217 362 1262 rent,
394 1204 563 1250 ostendi
591 1220 722 1266 posse
754 1202 940 1248 confido.
1004 1201 1152 1262 Quum
1182 1203 1295 1248 enim
1316 1204 1448 1249 cuivis
1470 1205 1614 1266 generi

255 1278 505 1326 imitationis
534 1277 717 1323 maxime
747 1277 952 1323 inserviat
978 1277 1233 1340 permutatio
1261 1278 1438 1324 vestium
1458 1290 1501 1325 et
1518 1296 1613 1342 per·

261 1370 464 1401 sonarum
491 1367 607 1409 usus,
637 1352 703 1397 ita⁴
725 1351 963 1407 utGraeci,
997 1368 1126 1413 quum
1150 1351 1312 1398 Bacchi
1339 1363 1419 1398 autv
1440 1352 1616 1399 heroum

257 1427 374 1475 facta
403 1425 610 1473 imitando
641 1425 793 1471 docere
824 1424 992 1482 vellent,
1034 1437 1285 1472 ornamenta
1326 1426 1409 1472 sibi
1445 1427 1615 1475 illorum

259 1512 487 1559 sumerent,
513 1517 699 1565 ,quorum
719 1499 910 1548 fabulam
928 1516 1169 1565 proponere
1190 1501 1418 1558 studerent,
1440 1503 1612 1551 faeiem⁴

261 1595 343 1642 que
374 1576 464 1623 sive
495 1573 709 1622 coloribus
740 1574 830 1621 sive
860 1574 992 1621 larvis
1023 1574 1362 1622 dissimularent:
1402 1577 1491 1623 vice
1517 1597 1615 1625 ver-

260 1667 326 1709 sa,
357 1652 509 1696 eodem
538 1660 792 1711 argumento
822 1659 958 1705 utens,
998 1665 1082 1711 quo
1115 1649 1392 1695 Thiersehius
1424 1652 1481 1697 ad
1509 1651 1617 1699 Pin-

261 1726 413 1780 darum
443 1724 497 1769 de
530 1723 574 1768 Τ
577 1722 757 1786 hespide
787 1723 1016 1779 disserens,
1046 1722 1324 1770 imitationem
1352 1724 1413 1771 ibi
1453 1725 1499 1772 in
1539 1744 1619 1773 usu

264 1814 362 1844 esse
394 1798 614 1854 confirmo,
655 1798 731 1842 ubi
769 1796 1026 1842 velationem
1063 1797 1316 1842 invenimus.
1377 1799 1505 1846 Hanc
1541 1817 1616 1848 au-

263 1884 354 1918 tem
384 1888 411 1927 a
439 1870 653 1916 Romanis
691 1880 943 1934 usurpatam
981 1885 1077 1915 esse
1119 1881 1217 1915 ante
1246 1870 1423 1917 Livium*
1446 1874 1618 1921 Andro-

264 1946 429 2002 nicum,
466 1955 581 1991 certo
624 1954 874 2006 argumento
915 1943 1001 1988 sint
1039 1942 1129 1990 ludi
1170 1943 1501 2009 Quinquatrium
1538 1950 1617 1997 mi-

270 2035 439 2075 norum,
470 2018 515 2063 in
536 2017 763 2062 Minervae
793 2017 1002 2062 honorem
1031 2017 1352 2076 celebratorum,
1384 2022 1536 2083 quibus
1567 2025 1619 2071 ti-

269 2093 431 2141 bicines
468 2109 547 2156 per
576 2101 661 2136 tres
700 2091 791 2139 dies
820 2091 947 2138 ferias
979 2091 1191 2154 agebant,
1236 2103 1278 2139 et
1316 2094 1432 2140 vario
1469 2109 1620 2144 ornatu

268 2166 412 2223 velati,
444 2176 642 2211 canentes
672 2176 715 2210 et
743 2164 1008 2211 lascivientes
1045 2183 1125 2229 per
1159 2165 1305 2212 urbem
1341 2169 1620 2233 vagabantur.

259 2241 367 2288 Liv.
389 2239 469 2286 IX.
491 2249 564 2285 30.
594 2239 667 2285 Ad
695 2238 800 2285 haec
828 2238 936 2297 Val,
967 2239 1089 2285 Max.
1110 2240 1167 2285 Π.
1190 2246 1231 2298 5,
1251 2252 1293 2293 Δ.
1323 2243 1453 2301 addit,
1484 2245 1618 2292 tibici-

258 2331 344 2362 -nes
377 2332 473 2362 eum
501 2330 666 2360 morem
696 2329 912 2372 servasse,
934 2323 1001 2360 ut
1038 2315 1259 2379 „personis
1302 2326 1414 2363 tecto
1452 2317 1619 2382 capite⁰

269 2401 497 2438 concentus
529 2389 751 2436 ediderint.
811 2388 1036 2435 Personae
1072 2407 1175 2436 vero
1203 2407 1231 2436 a
1260 2391 1501 2437 tibicinibus
1531 2409 1619 2439 non

267 2465 360 2511 tum
390 2464 561 2511 demum
590 2474 763 2528 recepta
793 2474 904 2521 sunt,
935 2480 1066 2529 quum
1094 2464 1182 2511 iam
1211 2464 1438 2512 histriones
1468 2483 1621 2529 perso-

246 2539 359 2585 ».nati
387 2554 511 2601 agere
542 2538 752 2596 solebant,
782 2538 861 2583 sed
889 2538 944 2585 ab
974 2538 1094 2585 initio
1123 2539 1235 2595 festi,
1264 2537 1394 2584 Junio
1416 2537 1621 2588 Bubulco

265 2610 428 2660 Bruto.
445 2622 489 2658 et
541 2611 708 2674 Quinto
747 2611 933 2671 Aemilio
952 2612 1166 2661 ,Barbula
1209 2612 1336 2671 Coss.
1373 2629 1415 2660 u.
1446 2631 1483 2661 c.
1512 2624 1619 2672 439.
