1730 3015
753 167 832 229 13

230 320 403 367 Romae
433 318 569 375 enim,
602 336 685 383 qua
722 319 767 365 in
797 319 900 365 urbe
938 320 1108 365 etiamsi
1144 336 1270 382 gens,
1325 331 1397 365 aut
1437 321 1473 367 si

113 396 207 459 quis
224 396 400 452 mavult,
426 405 512 439 tres
535 405 683 455 gentes
708 394 914 440 nobilium
939 406 1179 457 regnarent,
1208 394 1287 440 sub
1316 394 1471 447 ditione

111 488 190 527 sua
219 481 408 517 tenentes
440 467 602 530 priscos
633 468 796 514 incolas
825 469 1032 531 regioniS,
1071 487 1096 515 a
1136 470 1288 534 primis
1329 481 1473 518 tamen

110 546 369 608 temporibus
402 554 497 587 orta
527 554 591 588 est
620 544 755 604 plebs,
789 560 897 605 quae
928 543 1110 589 sortasse
1141 546 1239 591 inde
1273 545 1326 591 ab
1350 545 1471 591 initio

109 637 196 666 non
226 630 314 664 tam
344 617 530 680 graviter
559 617 829 680 premebatur
860 634 885 663 a
930 618 1119 680 patriciis
1162 636 1290 682 quam
1330 618 1469 666 Helo-

111 706 173 741 tes
205 712 231 740 a
264 692 489 754 Spartanis
521 703 563 737 et
584 692 807 737 Penestae
840 708 866 737 a
898 691 1152 748 Thessalis,
1183 706 1291 743 certe
1323 707 1467 741 autem

105 780 255 832 postea
296 766 450 814 Servio
483 764 653 823 Tullio,
685 777 730 812 ut
759 766 909 823 fertur,
940 778 1166 830 regnante,
1200 768 1352 815 eximia
1379 772 1467 816 iam

101 844 343 890 donabatur
383 841 591 888 libertate.
626 841 717 889 Cfr.
751 840 961 888 Niebuhr.
993 843 1052 888 H.
1083 843 1143 888 R.
1170 843 1203 888 Ι.
1237 853 1336 901 5297,
1369 863 1465 909 sqq.

104 928 192 973 309
223 928 265 963 et
295 927 394 974 423,
428 934 523 980 sqq.
584 917 790 963 Romana
829 918 973 980 itaque
1014 917 1137 981 plebs
1178 921 1466 980 arrogantiam

101 992 374 1056 patriciorum
423 1008 615 1038 coercere
653 992 796 1056 coepit
837 1003 936 1038 ante
975 992 1201 1039 liberatam
1237 993 1464 1052 civitatem,

100 1078 225 1130 atque
265 1084 316 1112 eo
347 1067 487 1112 minus
521 1082 547 1111 a
576 1066 789 1112 nobilibus
818 1067 1184 1123 contemnebatur,
1218 1085 1300 1131 quo
1323 1070 1462 1130 magis

98 1142 227 1189 variis
268 1140 394 1185 bellis
437 1142 526 1186 eius
567 1141 989 1203 viresaugebantur.
1067 1141 1235 1198 Liberi,
1281 1142 1319 1188 si
1365 1162 1461 1189 cum

96 1215 367 1278 antiquorum
392 1214 662 1273 Graecorum
692 1215 854 1260 rusticis
887 1232 960 1260 eos
993 1232 1325 1298 ’comparamuffi
1370 1218 1460 1280 ple-

97 1291 202 1347 beii,
235 1301 276 1334 et
307 1307 360 1334 ne
390 1282 824 1351 tributarii‘quidem,
855 1290 1053 1352 proprios
1091 1290 1287 1336 colebant
1317 1310 1339 1336 a
1344 1310 1460 1354 gros,

75 1382 181 1428 'quo
212 1364 373 1409 factum
403 1374 487 1418 est,
519 1374 566 1409 ut
604 1362 861 1448 agricultura
902 1362 1071 1409 Romae
1113 1381 1235 1409 suum
1265 1366 1464 1412 retineret

94 1440 316 1485 honorem.
381 1439 548 1485 Summi
580 1439 658 1484 viri
698 1439 895 1484 dedecori
934 1456 1022 1484 non
1053 1439 1264 1485 ducebant
1285 1443 1463 1505 propria

93 1532 224 1560 manu
255 1532 305 1559 ex
337 1513 429 1576 agri
460 1511 662 1559 fructibus
687 1530 887 1577 quaerere
909 1513 1084 1570 victum,
1118 1525 1159 1559 et
1181 1514 1311 1560 tribus
1334 1533 1459 1578 agro-

92 1607 187 1634 rum
217 1606 319 1651 prae
350 1588 524 1633 urbanis
546 1588 892 1633 aestimabantur.
952 1588 1087 1650 Igitur
1106 1588 1331 1634 sollemnia
1353 1608 1458 1652 quo-

93 1682 174 1728 que
205 1662 488 1725 agricolarum
517 1660 728 1707 Romanis
772 1678 990 1725 nunquam
1026 1662 1203 1724 indigna
1235 1675 1334 1709 sunt
1365 1664 1459 1710 visa

93 1755 200 1801 quae
233 1750 467 1799 agerentur,
500 1748 541 1782 et
571 1754 659 1781 non
688 1737 1002 1792 laboraverunt,
1034 1748 1081 1782 ut
1115 1737 1361 1784 melioribus
1392 1740 1455 1785 in-

92 1814 245 1860 stitutis
293 1813 343 1859 de
392 1812 527 1875 gradu
573 1811 648 1858 illa
690 1812 932 1857 deiicerent.
1000 1810 1131 1856 Hanc
1177 1812 1231 1857 ob
1280 1831 1455 1860 causam

90 1890 218 1935 etiam
250 1889 414 1933 cantica
444 1888 618 1951 antiqua
655 1899 743 1946 n'on
781 1886 1003 1931 immutata
1035 1897 1143 1941 sunt,
1177 1888 1255 1933 sed
1284 1906 1453 1934 manse-

88 1975 186 2009 runt
218 1981 324 2026 quae
365 1973 406 2007 et
449 1961 591 2024 qualia
632 1971 775 2017 erant,
817 1972 859 2005 et
895 1972 1237 2024 perennaverunt
1267 1961 1381 2008 ferae
1411 1975 1456 2008 et

83 2038 267 2085 rusticae
298 2037 481 2084 laetitiae
514 2037 752 2100 specimina
781 2035 926 2092 rudia,
959 2053 1009 2081 ex
1051 2046 1241 2099 tempore
1281 2054 1453 2102 compo-

89 2111 169 2156 sita
200 2112 429 2159 temulenta
458 2124 611 2158 mente.
678 2112 957 2174 Quapropter
997 2111 1041 2155 in
1078 2111 1190 2157 hisce
1232 2112 1452 2158 Romano-

85 2205 179 2233 rum
204 2185 319 2233 ludis
351 2188 509 2234 frustra
541 2205 715 2251 quaeres
736 2187 854 2233 illam
875 2187 1047 2232 Arionis
1070 2198 1205 2233 artem
1224 2188 1450 2252 poeticam,

87 2278 194 2325 quae
225 2260 397 2307 altiores
431 2263 733 2326 cogitationeS,
765 2273 886 2308 natas
919 2280 941 2307 e
969 2274 1142 2307 naturae
1176 2264 1346 2325 eiusque
1388 2264 1447 2308 vi-

83 2337 196 2383 rium
227 2337 605 2400 contemplatione,
648 2349 749 2401 apto
789 2354 966 2383 numero
1000 2349 1041 2383 et
1070 2336 1268 2399 rhythmo
1300 2347 1447 2382 canta-

83 2412 178 2469 bat,
217 2422 259 2458 et
299 2428 325 2457 a
360 2411 534 2458 lascivia
563 2413 620 2460 ad
650 2413 925 2476 gravitatem,
957 2429 983 2457 a
1013 2412 1136 2472 nugis
1169 2412 1225 2457 ad
1255 2423 1445 2457 aeterna-

82 2505 178 2533 rum
219 2498 260 2534 et
297 2487 534 2533 divinarum
575 2487 717 2550 legum
759 2487 1084 2552 descriptionem
1124 2504 1170 2533 se
1202 2486 1445 2549 extollebat.

82 2560 308 2609 Romanae
340 2561 640 2608 delectationes
678 2563 898 2626 antiquae,
939 2563 1163 2608 accedente
1205 2573 1315 2618 arte,
1354 2579 1443 2608 car-

79 2638 199 2684 mina
228 2637 422 2685 bucolica
449 2653 599 2701 parere
629 2647 829 2701 poterant
858 2648 900 2683 et
928 2636 1097 2683 fabulas
1136 2636 1385 2695 AtellanaS,
1419 2654 1445 2683 a
