1730 3015
635 184 788 249 ,55

566 315 587 324 .,
688 301 706 322 δ
1064 319 1066 322 ,

78 331 841 394 diis·scatebar1·t,*ut'Livius-adeo
883 335 1034 383 exodia
1071 334 1284 398 Atellanis
1326 354 1426 384 con-

77 428 191 464 serta
220 432 316 462 esse
348 413 460 459 dicat
492 402 704 478 (conserta
734 410 847 456 enim
877 428 1025 458 omnes
1058 412 1184 459 codd.
1216 410 1427 468 exhibent,

74 496 212 555 neque
252 486 479 552 legendum
517 488 583 530 est
593 521 613 541 ,.
645 484 870 533 Atellanae
910 488 1098 535 consitae
1141 487 1346 541 exodiis);
1388 498 1430 532 et

76 566 270 629 denique,
303 561 417 626 quod
447 559 492 626 in
522 559 671 605 ceteris
714 560 869 606 fabulis
900 562 1041 607 minus
1072 563 1275 619 invenies,
1306 561 1427 608 Atel-

73 638 198 686 lanae
228 652 353 700 ·saepe
383 635 474 681 ludi
503 635 614 681 Osci
653 644 699 679 et·
724 634 885 681 ludicra
924 636 1047 682 Osca
1083 637 1269 682 audiunt.
1333 636 1425 683 Cfr.

77 714 165 763 Cic.
192 713 247 759 ad
268 709 495 758 famssVII.
515 720 574 766 1'.,‘
598 707 738 755 Tacit.
759 709 916 755 Annal.
934 709 1020 756 IV.
1047 721 1114 762 14.
1146 722 1186 756 et
1213 711 1256 756 J.
1278 711 1423 774 Lipsi-

69 805 142 833 um
172 804 210 834 a.
231 786 273 832 h.
295 786 324 831 l.
363 784 674 850 Argumentum
710 783 876 848 ipsum,
916 795 962 830 ut
999 785 1044 830 in
1082 784 1264 847 Togatis
1303 786 1423 832 Lati-

69 880 185 919 num,
215 862 260 907 in
295 859 496 906 Palliatis
539 860 774 923 Graecum,
820 859 881 906 sic
923 860 969 905 in
1009 858 1220 906 Atellanis
1261 860 1427 907 Oscum

0 935 1 981 ἶ
66 939 195 985 fuisse
226 936 372 993 fertur,
414 952 519 999 quae
551 936 697 999 opinio
728 934 916 998 vulgaris
947 935 1243 993 recentiorum,
1275 947 1318 982 et
1345 952 1424 981 no-

0 996 2 1027 7
66 1012 178 1058 mine
208 1011 402 1056 ludorum
433 1011 662 1068 Oscorum,
707 1022 749 1056 et
779 1010 904 1056 certis
936 1011 1193 1056 testimoniis
1236 1020 1426 1056 veterum

70 1087 323 1151 scriptorum
353 1086 558 1132 firmatur.
587 1106 589 1108 ·
617 1086 820 1131 Diomed.
844 1086 918 1131 III.
941 1091 1051 1138 433:
1085 1085 1272 1144 „Latina
1302 1084 1424 1131 Atel-

0 1198 1 1218 ,
64 1161 167 1206 lana
198 1177 225 1206 a
256 1161 425 1206 Graeca
455 1160 647 1222 Satyrica
678 1161 829 1217 differt,
864 1161 979 1222 quod
1009 1161 1054 1205 in
1097 1161 1292 1223 Satyrica
1331 1160 1422 1206 sere

65 1237 316 1299 Satyrorum
345 1250 554 1298 personae
584 1233 847 1291 inducuntur,
879 1245 952 1280 aut
988 1235 1025 1279 si
1050 1252 1157 1297 quae
1191 1246 1289 1280 sunt
1318 1234 1420 1280 ridi-

0 1352 2 1387 .
65 1310 185 1357 culae
216 1309 375 1356 similes
407 1308 587 1371 Satyris,
618 1307 866 1371 Autolycus,
896 1308 1064 1353 Burris.
1128 1309 1180 1354 In
1210 1309 1423 1355 Atellanis

0 1391 2 1457 J
65 1385 210 1431 Oscae
254 1400 485 1447 personae,
536 1387 584 1428 ut
620 1384 846 1429 Maccus.”
914 1383 1098 1428 Praeter
1135 1400 1344 1446 personas
1384 1396 1426 1429 et

0 1459 1 1519 ἶ
66 1461 230 1505 Oscam
268 1457 458 1519 linguam
495 1457 731 1503 adhibitam
769 1473 864 1503 esse
912 1469 1057 1503 narrat
1100 1459 1271 1504 Strabo.
1295 1458 1355 1503 V.
1380 1470 1420 1514 3,

0 1561 1 1565 =
65 1533 112 1577 6:
136 1531 294 1579 ’'’Id‘tov
323 1534 380 1578 δέ
417 1552 462 1579 τι
492 1538 587 1583 τοῖς
618 1530 807 1584 Ὄσκοις
842 1534 921 1578 καὶ
959 1531 1026 1592 τῷ
1076 1533 1168 1578 τῶν
1196 1530 1421 1579 Αὐσόνων

61 1612 191 1656 ἔθνει
221 1609 507 1669 συμβέβηκε·
535 1607 628 1655 τῶν
656 1606 744 1666 μὲν
771 1604 861 1671 γάρ
874 1608 1058 1654 ’Όσκων
1077 1604 1419 1661 ἐκλελοιπότων,

61 1682 90 1747 ἦ
121 1680 356 1734 διάλεκτος
384 1683 515 1741 μένει
533 1679 670 1746 ,παραὶ
707 1687 803 1733 τοῖς
830 1681 1101 1740 “Ρωμαίοις·
1139 1681 1249 1728 ὥστε
1286 1680 1420 1746 ποιή-

0 1763 1 1767 ’
61 1776 188 1817 ματα
243 1761 636 1818 σκηνοβατεῖσθαι
686 1755 805 1803 κατά
852 1775 960 1803 τινα
1011 1755 1170 1817 ἀγῶνα
1220 1755 1417 1818 πάτριον

61 1833 156 1878 καῖ
175 1836 549 1892 μιμολογεῖσθαι.
619 1830 719 1877 Huc
763 1830 887 1877 etiam
935 1831 1029 1877 duci
1072 1840 1215 1894 potest
1261 1846 1410 1875 versus

60 1904 210 1949 Titinii
240 1907 354 1969 apud
383 1906 420 1950 F
423 1917 581 1962 estam,
615 1905 797 1951 fortasse
834 1907 891 1950 ad
920 1906 1151 1950 eludendos
1185 1904 1411 1948 Atellanos

61 1979 253 2042 scri'ptus,
286 1997 370 2043 quo
401 1980 549 2038 „Osce
566 1991 608 2027 et
627 1980 792 2028 Volsce
814 1997 886 2027 eos
907 1979 1119 2027 fabulari“
1149 1979 1265 2036 dicit,
1299 1979 1415 2042 quod

58 2052 213 2098 Latine
254 2054 479 2101 nescirent.
540 2055 695 2101 Fidem
746 2055 884 2101 habeo
926 2055 994 2102 his
1043 2054 1318 2109 testimoniis,
1371 2065 1415 2099 ut

58 2126 302 2191 plerumque
353 2141 649 2193 argumentum
696 2129 861 2177 Oscum
909 2129 1044 2177 fuisse
1087 2130 1283 2184 credam,
1335 2129 1412 2174 sed

60 2212 248 2247 auctores
278 2203 570 2250 Atellanarum
601 2204 655 2250 ab
676 2203 757 2251 hac
785 2204 931 2266 regula
963 2220 1181 2267 nunquam
1213 2203 1406 2257 cessisse,

58 2275 103 2321 in
133 2275 317 2322 animum
346 2279 450 2325 mihi
488 2279 686 2327 inducere
724 2297 905 2343 nequeo.
966 2279 1036 2326 Ex
1066 2278 1243 2326 servatis
1275 2275 1405 2322 titulis

56 2349 297 2398 fabularum
325 2354 502 2412 Astanii‚
533 2354 734 2412 Dosseni‚
762 2353 910 2413 Novii,
942 2366 1255 2416 ceterorum-que
1286 2350 1405 2397 Atel-

57 2424 251 2473 lanarum
295 2428 546 2493 scriptorum
594 2446 675 2494 pro
718 2430 926 2479 alterutra
972 2430 1168 2493 opinione
1187 2466 1192 2470 .
1209 2427 1298 2473 fere
1344 2426 1404 2471 nil

58 2501 202 2548 afferre
232 2502 342 2561 licet,
382 2506 495 2567 quod
523 2505 648 2569 pauci
675 2506 807 2555 modo
836 2516 997 2561 extant,
1036 2520 1142 2568 quos
1180 2501 1402 2548 Atellana-

57 2590 151 2620 rum
199 2577 345 2624 titulos
384 2589 479 2626 esse
518 2591 676 2627 certum
718 2580 794 2626 sit:
840 2579 1058 2627 ediderunt
1098 2578 1210 2625 enim
1253 2592 1429 2625 omnes

56 2647 122 2693 illi
152 2650 346 2714 Togatas
378 2671 544 2717 quoque
581 2653 772 2717 aliasque
810 2653 991 2710 fabulas,
1027 2664 1088 2711 ut,
1127 2653 1208 2702 nisi
1248 2652 1406 2697 diserte
