1730 3015
685 144 833 211 -45

117 324 213 354 cum
241 305 394 353 fabula
423 317 525 349 vera
543 301 808 365 comparans
838 300 1001 358 „risum
1034 312 1076 347 et
1100 302 1242 347 iocum
1269 300 1473 349 solutum”

121 383 326 430 nominat.
388 379 435 426 Si
468 375 561 440 quis
593 375 770 421 Saturas
816 376 1004 423 scenicas
1043 376 1344 423 Romanorum
1379 397 1474 424 cum

119 459 287 504 Graeco
318 454 511 502 instituto
543 465 795 512 componere
827 450 952 508 velit,
983 467 1069 497 non
1106 453 1251 515 inique
1287 451 1473 497 fortasse

116 532 398 587 adhibeantur
415 524 652 573 Dicelistae
675 525 1005 588 Spartanorum,
1028 526 1078 572 de
1101 528 1252 590 quibus
1265 546 1303 573 v.
1326 526 1473 574 Muel-

114 607 250 654 lerum
279 605 307 651 l.
329 605 358 650 l.
374 622 417 667 p.
436 612 535 653 343.

231 681 298 726 Ita
326 696 395 725 res
435 675 625 723 scenicae
666 689 712 720 se
750 673 987 732 habebant,
1026 692 1154 738 quum
1190 674 1339 723 Livius
1379 677 1471 723 An·

117 756 314 804 dronicus
349 752 612 799 Graecorum
642 766 762 796 more
802 749 969 796 fabulas
1012 749 1181 796 Romae
1221 751 1370 798 docere
1406 752 1473 798 in-

118 830 272 893 coepit.
334 826 594 889 Priusquam
625 836 767 870 autem
799 824 852 870 de
884 825 972 870 eius
1015 824 1175 870 meritis
1214 825 1370 882 dicam,
1410 827 1473 871 in·

115 901 410 964 vestigandum
441 900 629 956 videtur,
649 916 747 962 quo
778 899 954 962 ahtiqua
984 898 1283 945 Romanorum
1312 899 1477 945 ludicra

117 977 319 1033 abierint,
351 975 507 1038 partim
536 985 582 1019 ut
611 973 738 1032 illud,
773 975 890 1037 quod
920 974 1058 1020 verius
1092 991 1221 1037 quam
1253 985 1391 1020 cetera
1411 974 1474 1020 in-

115 1063 243 1099 venta
272 1052 318 1097 in
347 1051 471 1096 rebus
504 1049 678 1096 scenicis
710 1048 912 1095 Romano
943 1049 1114 1112 ingenio
1137 1050 1363 1105 tribuatur,
1388 1067 1473 1096 uno

116 1137 347 1191 conspectu
377 1124 782 1188 comprehendatur,
814 1126 996 1188 partim,
1028 1136 1075 1171 ut
1114 1125 1174 1170 ita
1211 1125 1350 1190 magis
1395 1142 1472 1188 ap-

115 1213 285 1267 pareat,
327 1218 410 1264 quo
440 1200 582 1245 animo
619 1199 689 1244 hic
718 1199 901 1263 populus
938 1199 1208 1263 peregrinam
1239 1211 1372 1245 artem
1404 1217 1470 1246 su·

118 1277 311 1341 sceperit.
355 1304 415 1311 —-
482 1274 631 1334 Quum
673 1275 836 1336 primas
886 1273 1076 1318 Romani
1124 1274 1258 1319 iustas
1304 1274 1473 1320 fabulas

118 1361 432 1415 spectaverant,
490 1348 710 1394 iuvenibus
768 1365 837 1393 res
885 1364 911 1393 a
956 1348 1182 1410 peregrino
1238 1365 1361 1394 servo
1413 1350 1477 1395 in-

118 1437 291 1490 coepta,
349 1434 568 1486 tantopere
628 1423 869 1486 discrepare
919 1423 1012 1468 visa
1067 1434 1132 1468 est
1189 1423 1243 1468 ab
1311 1423 1475 1470 institu-

115 1502 169 1548 tis
200 1501 285 1548 suis
306 1500 465 1559 avitis,
496 1509 543 1544 ut
572 1496 683 1543 infra
723 1498 976 1561 dignitatem·
1009 1515 1130 1543 suam
1168 1497 1375 1544 habentes
1419 1500 1477 1545 ad

114 1576 222 1621 haec
272 1575 440 1621 Graeca
491 1574 682 1617 dramata
728 1574 950 1628 accedere,
1006 1583 1224 1618 servarent
1275 1574 1474 1636 antiquos

119 1667 220 1697 suos
267 1649 412 1704 ludos,
449 1658 575 1710 atque
613 1646 693 1692 hos
736 1648 793 1693 ad
831 1647 1019 1710 aliquam
1057 1646 1362 1710 perfectionem
1400 1649 1475 1694 ad-

118 1725 316 1771 ducerent
367 1721 593 1785 assumptis
636 1720 867 1778 Atellanis,
914 1722 1024 1766 ludis
1071 1722 1231 1768 scilicet
1281 1724 1474 1780 scenicis,

120 1800 192 1864 qui
223 1799 277 1844 ab
310 1797 433 1844 Osca
461 1796 563 1842 urbe
593 1796 736 1842 Atella
765 1796 1042 1860 transportati
1072 1796 1220 1843 melius
1251 1799 1474 1845 convenie-

119 1875 225 1920 bant
255 1874 351 1919 cum
379 1872 570 1917 moribus
603 1871 870 1933 antiquorum
898 1870 1226 1917 Romanorum„
1275 1873 1475 1935 Aborigi-

122 1966 197 1995 nes
229 1941 577 2010 enim'ipsosque
608 1944 789 1992 Latinos
820 1946 991 1993 natione
1026 1946 1171 2012 Opica
1210 1946 1338 1995 fuisse
1372 1946 1477 1996 Nie-

123 2022 294 2068 buhrius
333 2023 380 2068 in
421 2022 546 2067 Hist..
571 2020 701 2067 Rom.
735 2022 770 2066 I.
791 2041 835 2086 p.
857 2022 914 2066 65
935 2051 994 2057 —
1015 2027 1086 2076 39.
1126 2024 1294 2085 egregie
1325 2024 1476 2081 docuit,

125 2107 168 2141 e‘t
205 2114 293 2143 non
324 2097 464 2143 solum
493 2096 757 2142 narrationes
798 2108 984 2143 veterum
1026 2108 1242 2144 auctorum
1272 2098 1479 2162 originem

126 2170 290 2215 Oscam
325 2171 623 2217 Romanorum
662 2171 869 2234 probant,
900 2172 997 2217 sed
1035 2172 1162 2218 etiam
1200 2173 1295 2235 ipsa
1331 2173 1478 2235 lingua

125 2244 283 2290 Latina
311 2245 357 2290 in
397 2246 609 2292 radicibus
631 2246 878 2303 ,verborum
908 2264 958 2292 ex
1005 2246 1188 2292 Graecia
1229 2264 1316 2292 non
1357 2247 1474 2293 dela-

125 2329 276 2376 torum,
308 2330 351 2364 et
379 2319 426 2365 in
455 2337 507 2366 ea
543 2319 825 2384 etymologiae
864 2332 985 2384 parte
1029 2338 1135 2383 quae
1173 2337 1267 2365 cum
1303 2319 1477 2366 Graeca

124 2410 212 2440 non
254 2395 486 2453 consentit,
528 2396 690 2444 Oscam
728 2396 833 2443 satis
872 2396 1031 2460 resipit.
1067 2391 1287 2441 Atellanas
1333 2395 1478 2459 itaque

124 2468 306 2527 fabulas,
338 2488 389 2515 ex
417 2470 644 2518 Ausonum
674 2482 714 2518 et
752 2472 989 2536 priscorum
1030 2470 1180 2516 Italiae
1221 2470 1478 2534 populorum

126 2544 235 2592 ludis
284 2545 402 2592 nulla
446 2547 673 2595 adiuvante
718 2547 942 2611 peregrina
986 2564 1067 2610 ope
1097 2556 1239 2603 ortas,
1284 2544 1479 2595 Romani

123 2618 298 2668 iuvenes
331 2622 635 2685 Graecaezarti
652 2623 945 2688 prafercbant,
965 2622 1081 2687 quod
1108 2621 1324 2685 ingenium
1354 2640 1479 2671 suum
