1730 3015
773 169 857 235 39

666 348 816 432 Cap.
846 351 931 411 Π.

249 490 489 551 Postquam
530 483 674 530 multis
716 484 842 530 bellis
883 496 1073 547 spectata
1114 486 1246 532 virtus
1271 483 1493 531 .Romana

129 565 343 613 civitatem
383 559 550 624 egregie
591 559 934 615 confirmaverat,
972 570 1019 605 ut
1055 561 1221 607 confisa
1261 561 1350 607 suis
1393 560 1490 606 viri-

127 641 209 687 bus
270 635 606 686 aemulationem*
667 633 952 697 invidiamque
1015 635 1287 681 finitimorum
1349 652 1485 699 popu-

128 715 264 761 lorum
313 727 514 778 spernere
560 720 735 774 posset,·
776 726 913 772 neque
956 720 1185 773 perpetuus
1229 710 1385 759 hostisx
1414 729 1486 756 ex-

127 790 236 835 terni
266 789 395 833 timor
425 784 572 831 anxias
602 794 764 830 mentes
795 800 895 830 cura
926 784 1200 830 distraheret:
1231 785 1352 830 initia
1383 786 1486 831 artis

120 854 315 909 scenicae
355 876 407 905 ex
445 858 622 905 Etruria
661 857 837 904 Roman
877 858 1018 906 delata
1056 869 1175 916 sunt,
1220 859 1324 904 satis
1370 871 1487 922 apto,

124 936 163 981 si
193 935 251 980 ad
281 945 499 980 externam
537 933 798 996 reipublicae
834 945 991 980 statum
1021 934 1291 996 respicimus,
1323 943 1486 996 tempo,-

121 1010 183 1057 ris
213 1020 451 1066 momento,
475 1025 567 1072 quo
597 1008 771 1055 iuvenili
810 1009 955 1055 animo
991 1009 1110 1072 pacis
1143 1009 1305 1055 artibus
1346 1009 1484 1072 magis

124 1101 253 1146 quam
273 1095 399 1128 antea
421 1084 573 1129 dedere
596 1101 642 1129 se
663 1095 855 1146 possent.
897 1084 986 1130 Sed
1014 1084 1166 1128 eadem
1193 1084 1322 1129 etiam
1343 1095 1481 1130 aetate

122 1157 277 1220 longae
307 1157 580 1220 patriciorum
610 1168 652 1204 et
671 1157 809 1221 plebis
833 1157 1031 1203 dissidiae
1062 1158 1323 1221 compositae
1345 1169 1480 1216 erant,

117 1231 392 1293 omniumque
424 1231 555 1275 animi
583 1243 684 1294 post
705 1232 939 1276 certamina
968 1242 1010 1275 et
1040 1231 1244 1276 tumultus
1267 1232 1413 1277 civiles
1436 1233 1482 1277 in

122 1324 254 1352 unum
295 1316 604 1362 convenerant,
646 1304 873 1368 validaque
914 1304 1175 1366 reipublicae
1217 1305 1301 1362 vis,
1340 1307 1407 1351 cui
1437 1306 1483 1352 in

118 1380 223 1426 urbe
254 1396 342 1425 non
373 1378 556 1442 amplius
588 1379 804 1425 sufficiens
829 1396 874 1425 se
896 1378 1114 1425 exercendi
1141 1389 1331 1442 potestas
1358 1397 1481 1443 prae-

118 1442 298 1512 beretur,
332 1472 461 1518 quum
492 1471 641 1500 omnes
673 1472 803 1501 unum
821 1454 1017 1518 idemque
1039 1454 1243 1500 sentirent
1260 1465 1385 1517 atque
1406 1473 1478 1501 cu-

116 1541 282 1592 perent,
314 1530 498 1592 patriam
531 1529 689 1575 scilicet
709 1546 979 1575 communem
1000 1529 1106 1574 tueri
1127 1540 1168 1573 et
1188 1545 1354 1590 augere,
1377 1541 1477 1575 tunc

115 1603 161 1649 in
200 1603 399 1649 finitimas
440 1613 587 1666 gentes
628 1620 848 1666 erumpere
894 1603 1089 1648 debebat.
1155 1601 1284 1648 Bella
1331 1603 1474 1666 itaque

116 1696 168 1723 ex
197 1678 322 1723 bellis
365 1689 459 1722 orta
489 1689 635 1722 natam
666 1689 801 1723 artem
831 1677 918 1722 sere
951 1688 1274 1739 oppresserunt,
1306 1678 1473 1723 multis-

118 1769 197 1815 que
229 1752 399 1797 demum
428 1750 731 1815 praeterlapsis
761 1750 886 1796 annis
910 1750 1076 1796 Graeco
1098 1750 1258 1796 homini
1280 1752 1473 1814 contigit,-

114 1827 300 1872 intentos
333 1827 390 1872 ad
418 1843 510 1871 rem
540 1826 781 1888 augendam
809 1825 973 1871 animos
1006 1836 1052 1872 ut
1073 1825 1127 1871 ad
1148 1825 1304 1872 Musas
1326 1826 1469 1872 colen-

116 1901 192 1948 das
221 1912 456 1948 revocaret.

237 1977 439 2023 Secundo
474 1986 576 2040 post
611 1975 793 2039 primum
831 1974 1046 2040 plebeium
1085 1974 1305 2021 consulem
1343 1992 1471 2033 annu,

109 2061 159 2095 et
188 2068 215 2097 a
245 2052 453 2097 seditione
484 2062 526 2097 et
556 2067 583 2096 a
611 2050 725 2106 helio
757 2050 909 2114 quietis
939 2050 1079 2107 rebus,
1113 2067 1243 2113 quum
1273 2050 1335 2095 vis
1358 2067 1471 2096 mor-

115 2123 180 2180 bi,
220 2142 332 2170 anno
371 2126 652 2190 praecedente
694 2126 796 2182 orti,
839 2143 918 2170 nec
946 2124 1141 2170 humanis
1174 2125 1360 2171 consiliis
1393 2143 1471 2171 nec

115 2214 196 2260 ope
227 2200 371 2245 divina
400 2201 621 2258 levaretur,
651 2201 773 2250 victis
806 2199 1105 2264 superstitione
1127 2199 1294 2256 animis,
1315 2210 1360 2244 ut
1381 2211 1466 2244 tra-

114 2272 178 2319 dit
206 2271 379 2331 Livius,
416 2275 507 2322 ludi
538 2292 704 2339 quoque
743 2274 916 2331 scenici,
946 2274 1220 2320 histrionibus
1259 2291 1308 2318 ex
1338 2273 1466 2317 Etru-

110 2346 178 2393 ria
206 2347 363 2414 petitis,
394 2349 504 2399 inter
533 2351 618 2398 alia
648 2349 843 2397 coelestis
874 2349 963 2395 irae
994 2348 1233 2415 placamina
1268 2347 1464 2393 instituti.

114 2420 290 2471 Novum
327 2422 523 2471 ludorum
554 2443 709 2490 genus,
738 2425 989 2473 necessitate
1020 2435 1061 2470 et
1089 2424 1241 2469 timore
1271 2433 1464 2484 urgente,

113 2497 334 2559 religionis
378 2515 504 2557 causa
543 2501 760 2549 inventum
800 2517 896 2547 esse
940 2516 966 2548 a
1006 2497 1235 2554 Romanis,
1275 2513 1361 2543 non
1403 2508 1468 2542 est

109 2573 231 2632 quod
260 2573 438 2631 mireris,
472 2590 602 2636 quum
633 2591 660 2621 a
687 2575 897 2639 principio
928 2573 1106 2620 civitatis
1138 2573 1242 2618 deos
1265 2571 1402 2617 colere
1425 2582 1467 2616 et

117 2647 277 2711 templa
313 2649 421 2714 ipsis
461 2649 687 2698 aedificare
711 2650 964 2706 'imminente
1001 2648 1170 2698 demum
1210 2646 1330 2711 gravi
1359 2646 1472 2714 peri-
