1730 3015
885 117 975 188 42

240 277 494 324 necessitate
533 276 672 324 coacti>
706 274 898 322 Romani
933 276 1154 323 Etruriam
1191 285 1369 342 petunt,
1403 287 1470 334 ut,
1511 278 1601 324 sive

238 351 484 399 imminente
501 369 552 397 ex
566 350 773 415 prodigiis
791 349 995 418 periculo,
1015 351 1104 397 sive
1125 362 1349 416 praesente
1368 350 1456 397 iam
1470 351 1601 408 malo,

237 427 338 473 inde
371 428 545 472 deorum
577 427 838 472 voluntatem
870 444 920 471 ex
951 426 1119 472 vatibus
1142 427 1317 484 discant,
1339 438 1427 481 tam
1447 444 1600 491 parum

235 502 387 547 confisi
416 501 594 565 propria
622 519 766 548 rerum
786 501 1029 548 divinarum
1048 501 1211 565 peritia,
1231 513 1290 559 ut,
1312 519 1442 566 quum
1464 519 1599 565 quon-

237 576 340 623 dam
368 575 484 622 bello
517 587 666 623 contra
695 576 906 622 Etruscos
945 587 1040 623 orto
1078 576 1248 623 illorum
1284 588 1406 622 vates
1443 593 1597 623 consu-

233 649 321 697 lere
353 650 700 716 prohiberentur,
730 652 983 717 religionem
1013 652 1184 699 solitam
1214 651 1492 716 negligerent.
1532 651 1599 700 V.

231 725 332 772 Liv.
352 726 417 773 V.
439 734 507 773 15.
569 728 732 791 Itaque,
765 746 895 792 quum
926 729 1123 775 omnibus
1155 727 1365 774 malorum
1394 727 1596 774 remediis

231 802 407 848 tentatis
440 803 495 849 ab
526 802 723 849 Etruscis
756 817 928 866 semper
958 820 1086 867 opem
1127 814 1405 866 quaererent,
1428 802 1595 849 similli-

231 894 351 924 mum
382 889 445 923 est
475 895 599 933 vero,
642 893 715 922 eos
747 878 792 922 in
831 877 912 924 hac
950 888 1203 940 tempestate
1241 894 1410 941 quoque
1452 878 1594 924 adisse

229 951 461 1008 Etruriam,
486 962 549 1008 et,
579 951 698 997 fama
729 950 911 998 fortasse
942 950 1123 1016 perlata,
1153 950 1265 1001 hunc
1294 952 1501 1016 populum
1530 951 1593 1000 lu-

228 1027 295 1073 dis
327 1027 505 1073 scenicis
538 1027 642 1073 deos
674 1027 848 1091 placare
881 1027 1034 1084 solere,
1065 1026 1298 1073 histriones
1341 1028 1441 1075 inde
1482 1028 1592 1075 acci-

226 1098 355 1159 ivisse,
387 1113 433 1147 ut
464 1113 506 1148 et
534 1102 620 1167 ipsi
650 1102 801 1148 iisdem
822 1102 932 1148 ludis
956 1103 1131 1149 numina
1153 1102 1235 1150 sibi
1254 1103 1591 1151 reconciliarent.

224 1176 331 1223 Illos
362 1195 463 1223 vero
494 1177 712 1224 nonnullis
746 1177 869 1224 annis
912 1189 1037 1241 post,
1073 1178 1227 1227 morbo
1270 1178 1412 1234 finito,
1450 1178 1590 1225 ludios

224 1252 475 1316 peregrinos
517 1252 807 1308 desiderasse,
846 1253 1053 1315 equidemv
1073 1253 1178 1298 mihi
1213 1254 1472 1316 persuadere
1514 1271 1589 1300 ne-

226 1344 358 1392 queo3
392 1338 653 1391 quapropter
683 1327 800 1374 Livii
828 1328 1120 1374 narrationem
1150 1328 1360 1391 praefero.

317 1402 568 1455 ,Ludorum
599 1420 754 1465 genus,
796 1403 913 1465 quod
950 1414 1038 1448 tum
1075 1403 1247 1449 Romae
1278 1402 1587 1462 instituebatur,

219 1495 248 1524 a
290 1477 560 1542 simplicitate
606 1476 913 1524 Romanorumv
955 1496 1045 1524 non
1088 1478 1355 1525 abhorruisse
1400 1479 1585 1526 videtur:

219 1552 418 1598 ludiones
466 1569 604 1615 neque
652 1563 873 1598 cantantes
922 1570 1059 1615 neque
1100 1553 1297 1598 carminis
1336 1565 1587 1615 argumenta

220 1627 429 1673 imitando
498 1626 730 1673 referentes
791 1628 848 1672 ad
903 1627 1084 1673 tibicinis
1141 1627 1293 1673 modos
1349 1627 1583 1685 saltabant,

218 1702 363 1765 itaque
411 1719 489 1748 nec
531 1700 783 1759 histriones,
824 1719 876 1748 eo
917 1701 1080 1749 scilicet
1111 1719 1260 1759 sensu,
1311 1719 1394 1769 quo
1433 1713 1585 1765 postea

217 1794 376 1823 nomen
406 1777 704 1840 accipiebatur,
735 1794 887 1839 neque,
919 1777 1035 1839 quod
1067 1776 1267 1838 Zieglero
1297 1776 1343 1823 in
1373 1776 1495 1822 Diss.
1530 1777 1583 1824 de

217 1851 359 1897 mimis
398 1851 559 1909 visum,
596 1851 717 1897 mimi
762 1861 899 1898 erant.
958 1850 1091 1897 Mimi
1129 1851 1241 1896 enim
1280 1861 1450 1912 praeter
1486 1851 1582 1898 imi-

218 1925 426 1971 tationem
456 1943 603 1971 versus
633 1926 873 1981 iactabant,
897 1923 949 1970 hi
979 1935 1120 1969 autem
1150 1935 1338 1970 tacentes
1374 1924 1487 1972 haud
1517 1927 1581 1974 in-

217 2000 399 2046 decoros
430 2011 572 2046 motus
606 2000 785 2054 dabant;
826 2015 973 2045 versus
1014 1999 1129 2044 enim
1165 2010 1317 2062 postea
1358 2017 1384 2045 a
1421 2000 1579 2048 iuveni-

215 2075 300 2122 bus
330 2074 480 2132 additi,
513 2075 599 2137 qui,
629 2086 676 2120 ut
700 2074 761 2119 ait
789 2073 953 2130 Livius,
984 2073 1192 2120 Etruscos
1225 2074 1458 2134 uimitantes
1491 2076 1579 2122 sal..

214 2151 365 2208 tando,
398 2149 524 2195 simul
556 2149 785 2195 inconditis
806 2149 917 2194 inter
938 2166 983 2194 se
1006 2148 1211 2195 iocularia
1232 2149 1466 2204 fundebant
1486 2169 1578 2198 ver-

216 2225 354 2281 sibus3
396 2243 477 2272 nec
519 2224 673 2271 absoni
703 2241 730 2270 a
760 2240 864 2269 voce
901 2234 1041 2269 motus
1079 2226 1237 2270 erant.''
1297 2226 1386 2273 Sed
1424 2243 1578 2273 caven-

214 2293 331 2357 dum,
361 2319 415 2346 ne
447 2312 644 2364 putemus
676 2298 782 2345 haec
812 2299 959 2345 omnia
987 2315 1077 2344 non
1107 2299 1273 2346 differre
1305 2301 1360 2346 ab
1391 2301 1577 2363 antiquis

212 2374 347 2432 ludis,
379 2376 532 2438 quibus
565 2375 837 2422 saltationem
876 2385 917 2421 et
952 2374 1160 2422 ioculares
1200 2392 1349 2422 versus
1386 2392 1475 2420 non
1506 2375 1576 2420 de-

211 2442 347 2496 fuisse
378 2450 575 2497 vidimus.
640 2449 774 2512 Quod
810 2448 923 2496 enim
960 2467 1010 2497 eo
1045 2467 1177 2515 usque
1214 2450 1261 2497 in
1289 2449 1415 2514 pagis
1459 2452 1576 2495 exer·

212 2537 385 2572 cuerant
420 2527 653 2589 agricolae,
696 2526 743 2572 id
772 2536 872 2572 tunc
910 2525 957 2572 in
1002 2526 1153 2572 urbem
1189 2526 1378 2579 illatum,
1426 2535 1467 2570 et
1505 2519 1575 2570 ex-

213 2598 356 2646 citatis
409 2601 743 2665 spectatoribus,
802 2600 893 2648 sive
953 2601 1011 2647 ad
1061 2615 1160 2645 aras
1209 2599 1388 2645 deorum
1398 2634 1414 2659 ,
1472 2599 1578 2660 sive,
