1730 3015
248 281 360 327 endo
405 282 628 346 praecipue
672 275 805 327 trihus
850 293 1051 328 oneratae
1095 271 1368 339 videbantur,
1425 279 1604 345 quarum

248 373 381 422 opera
410 358 512 403 illud
541 356 702 403 malum
731 374 959 421 perpessus
991 369 1096 405 erat.
1123 359 1197 405 ld.
1217 356 1386 403 XXIX.
1410 364 1481 412 57.

369 432 545 478 Circiter
583 444 750 497 centum
796 443 838 478 et
876 432 1026 495 viginti
1067 445 1151 479 tres
1195 449 1331 478 annos
1374 442 1605 496 postquam

249 524 298 552 ex
327 505 501 552 Etruria
530 506 757 554 histriones
787 506 976 554 Romam
1006 500 1210 555 venerant
1237 513 1273 562 ¹>
1318 507 1456 569 primo
1488 506 1604 552 bello

246 580 413 627 Punico
445 582 516 627 vix
548 582 803 646 composito,
836 583 945 629 curis
976 601 1153 629 vacuum
1182 581 1480 627 Romanorum
1514 581 1604 626 ani-

246 673 364 702 mum
395 655 563 703 Graeca
593 668 683 702 arte
721 657 886 703 scenica
928 657 1138 705 oblectare
1178 656 1315 721 coepit
1355 655 1423 702 hic
1453 655 1604 702 Livius

246 730 543 790 Andronicus,
586 732 801 795 ediditque
843 729 1011 779 Romae
1053 732 1233 794 primum
1275 732 1436 777 drama.
1501 730 1604 790 Quo

246 816 388 852 autem
429 822 543 853 anno
584 805 666 854 hoc
702 805 860 854 factum
906 807 962 854 sit
1007 806 1176 854 difficile
1219 818 1284 853 est
1324 806 1466 863 dictu3
1517 805 1604 871 ipsi

248 883 364 927 enim
393 894 556 927 veteres
593 882 638 926 in
679 898 729 926 eo
772 883 1015 927 definiendo
1052 881 1318 927 dissentiunt.
1380 881 1603 944 Koe'pkius

247 956 293 1002 in
318 956 450 1003 Vers.
482 955 629 1002 Germ.
651 950 792 1001 Pla'ut.
814 956 948 1019 praef.
979 973 1023 1019 p.
1053 964 1124 1011 [49.
1171 971 1328 1000 annum
1368 974 1409 1001 u.
1439 975 1479 1002 c.
1502 963 1602 1013 512,

246 1029 445 1076 Passow.
476 1031 521 1075 in
551 1030 651 1075 Lin.
674 1029 790 1075 Hist.
814 1029 917 1075 Litt.
942 1029 1093 1075 Graec.
1126 1041 1166 1075 et
1190 1028 1320 1077 Rom.
1352 1048 1447 1076 cum
1467 1030 1605 1076 Wie1

192 1113 203 1121 ²
245 1104 363 1151 land.
395 1106 451 1151 ad
481 1106 589 1152 Hor.
620 1105 737 1170 Epp.
766 1105 896 1151 Tom.
919 1105 975 1151 H.
1007 1124 1051 1170 p.
1073 1115 1144 1161 94.
1185 1113 1348 1151 annum>
1374 1112 1475 1158 514.
1516 1117 1601 1152 sta-

246 1189 428 1226 tuerunt.
491 1180 713 1237 Osannus,
744 1192 933 1227 veterum
964 1180 1216 1226 testimoniis
1246 1181 1469 1244 diligenter
1489 1195 1602 1227 com-

247 1257 424 1319 paratis,
463 1256 677 1301 revocavit
707 1274 925 1302 numerum
956 1263 1055 1311 513,
1096 1274 1222 1319 quem
1252 1257 1337 1302 iam
1369 1267 1466 1302 ante
1506 1273 1603 1302 eum

247 1329 336 1375 Lil.
369 1329 501 1392 Grcg.
535 1329 749 1391 Gyraldus
784 1329 836 1375 de
866 1329 992 1374 Poet.
1025 1330 1142 1376 Hist.
1163 1330 1282 1376 Dial.
1306 1330 1443 1394 Oper.
1462 1329 1601 1386 ‘Tom-

247 1404 304 1450 Π.
336 1423 380 1467 p.-
402 1415 501 1459 297.
541 1415 583 1449 et
620 1404 661 1449 J.
694 1402 790 1450 Nic.
827 1403 1032 1454 Funccius
1074 1405 1125 1450 de
1167 1405 1294 1451 Adol.
1331 1405 1459 1467 Ling.
1499 1405 1601 1451 Lat.

245 1498 290 1544 p.
313 1478 386 1528 60.
416 1478 653 1525 coniectura
683 1478 835 1541 magis,
873 1495 1000 1541 quam
1030 1479 1153 1525 certis
1196 1480 1452 1541 argumentis
1484 1480 1601 1526 inve-

244 1564 411 1601 nerant.
472 1553 685 1599 Omnibus
719 1554 856 1599 denuo
886 1553 1123 1600 retractatis
1166 1554 1449 1618 discrepantia
1491 1556 1600 1617 opti-

246 1646 316 1674 me
347 1628 570 1674 convenire
601 1627 707 1673 mihi
739 1628 1002 1684 videbantur,
1035 1627 1070 1673 si
1102 1628 1158 1673 ad
1190 1628 1363 1675 Osanni
1392 1629 1601 1675 rationem

246 1704 504 1759 accederem,
544 1703 657 1765 quod
687 1714 728 1748 et
758 1701 814 1747 A.
837 1702 894 1748 G.
917 1701 1087 1764 Langio
1123 1702 1168 1747 in
1208 1702 1420 1749 vindieiis
1464 1703 1601 1765 Trag.

245 1778 367 1824 Rom
382 1776 518 1841 ,Lips.
538 1782 661 1823 1822.
674 1777 848 1840 placuit.
871 1775 1187 1839 Relinquuntur
1202 1776 1373 1840 quidem
1393 1776 1520 1822 etiam
1539 1779 1600 1824 sic

248 1853 458 1916 quaedam
488 1852 534 1898 in
572 1852 728 1909 medio,
771 1852 848 1898 sed
887 1868 1175 1914 quemcunque
1213 1850 1342 1897 alium
1380 1870 1600 1899 numerum

247 1926 454 1991 praefers,
486 1927 693 1972 maiorem
723 1926 850 1972 etiam
881 1926 1121 1972 dissensum
1160 1925 1369 1989 reperies:
1410 1927 1598 1974 testimo—

248 2002 323 2048 nia
353 2001 465 2047 enim
495 2001 541 2045 in
570 2001 651 2046 hac
678 2018 725 2046 re
755 2012 843 2045 tam
872 2000 1032 2045 incerta
1065 2010 1173 2056 sunt,
1203 2011 1262 2056 ut,
1295 2017 1401 2062 quae
1437 2002 1493 2047 ad
1524 2019 1598 2048 an-

248 2094 352 2123 num
383 2083 468 2120 513
498 2073 633 2119 relata
663 2073 879 2120 concinere
916 2073 1189 2131 videbantur,
1228 2074 1312 2119 alio
1343 2074 1504 2122 calculo
1534 2076 1598 2124 in·

247 2152 394 2198 stituto
444 2148 629 2215 plurium
678 2165 886 2195 annorum
936 2149 1177 2196 discrimine
1230 2150 1386 2197 distare
1435 2151 1597 2198 inveni—

246 2238 383 2274 antur.
426 2223 639 2289 Exemplo
659 2223 745 2270 sint
764 2223 1006 2270 testimonia
1035 2225 1088 2270 de
1112 2224 1288 2272 Catonis
1310 2237 1459 2283 aetate,
1492 2243 1599 2291 quae

246 2303 304 2348 ad
351 2301 473 2348 illum
520 2317 743 2347 numerum
791 2299 1128 2347 constituendum
1175 2301 1349 2347 maximi
1396 2300 1599 2348 momenti

348 2568 386 2617 ¹)
408 2571 467 2611 De
490 2568 597 2608 Livii
629 2576 746 2620 „post
776 2568 927 2620 aliquot
952 2570 1098 2609 annos”
1128 2569 1201 2610 ctr-
1229 2567 1518 2610 Drakenborch.
1547 2570 1599 2607 ad

249 2629 295 2664 u.
324 2633 385 2667 31.
