1730 3015
673 193 807 292 ,73

92 357 291 407 versus;“
321 346 394 397 cui'
422 344 580 392 iudicio·
617 344 851 391 accessisse
895 345 1144 393 Ciceronem
1175 361 1277 390 -non
1320 357 1438 409 puto,

91 429 175 475 nisi
205 426 314 472 forte
346 435 388 470 et
417 419 622 468 Horatius
653 420 891 468 Pacuvium
922 422 1117 479 „doctum
1151 426 1327 467 senem“
1363 420 1447 467 ha-

90 502 193 557 buit,
225 500 342 563 Epp.
363 498 420 543 II.
447 508 483 553 1,
506 495 585 550 563
618 497 693 541 sed
723 496 791 543 hic
819 497 946 560 paulo
977 510 1077 560 post
1107 498 1159 544 de
1190 514 1344 560 genere
1377 497 1441 542 di-

93 574 215 621 cendi
246 572 436 619 omnium
465 570 633 616 illorum
665 571 932 633 antiquorum
950 583 1170 634 poetarum
1189 573 1248 618 ita
1269 571 1443 618 iudicat:

210 648 259 693 Si
291 646 501 709 quaedam
530 644 656 690 nimis
688 645 878 707 antique,
911 645 947 690 si
977 645 1176 708 pleraque
1205 647 1310 693 dura

209 722 367 768 Dicere
398 720 507 767 cedit
537 736 632 777 eos,
664 719 815 781 ignave
846 720 981 765 multa
1009 719 1172 776 fatetur,
1198 720 1200 722 ¹

209 797 270 842 Et
301 796 414 857 sapit
444 806 486 841 et
515 812 680 841 mecum
709 793 830 851 facit,
862 806 904 840 et
932 785 1040 840 Jove
1071 794 1227 840 iudicat
1254 811 1400 858 aequo,

93 872 243 920 Altero
286 871 381 917 loco
427 870 643 917 Ciceronis
692 870 775 916 Or.
813 875 892 927 43,
941 872 1036 914 161.
1068 868 1245 931 legitur:
1305 871 1443 927 „Bur-

91 965 189 993 rum-
223 963 389 1009 semper
426 945 593 991 Ennius
633 961 862 1006 numquam
905 943 1133 1006 Pyrrhum.
1194 943 1258 989 Vi
1288 946 1446 1007 patefe-

90 1033 235 1068 cerunt
263 1021 429 1083 Bruges
467 1037 554 1065 non
596 1018 817 1081 PhrygeS,
856 1019 989 1081 ipsius
1031 1018 1248 1065 declarant
1283 1020 1476 1083 antiqui*

89 1095 217 1141 libri“
243 1101 295 1148 ¹).
340 1094 565 1156 Adscripsi
610 1093 759 1149 verba,
807 1093 955 1156 quibus
997 1093 1209 1155 intelligas
1222 1130 1235 1150 ,
1280 1105 1444 1140 tantum

91 1169 242 1216 abesse
273 1180 318 1214 ut
346 1168 398 1214 iis
432 1167 710 1228 demonstrari
750 1168 908 1231 possit,
947 1167 1137 1214 Ennium
1175 1184 1262 1213 non
1305 1169 1441 1232 dupli.-

90 1262 211 1291 casse
240 1244 426 1299 litter-as,
456 1254 503 1288 ut
532 1242 674 1306 potius
706 1241 774 1287 bic
803 1241 963 1288 habeas
998 1243 1215 1288 Ciceronis
1253 1245 1445 1289 testimo-

90 1320 207 1365 nium
237 1319 288 1363 d'e
320 1316 556 1380 geminatis
577 1315 694 1379 apud
720 1315 910 1361 Ennium
940 1316 1091 1362 litteris
1122 1317 1166 1363 in
1195 1334 1296 1363 voce
1333 1318 1445 1364 Bur-

88 1412 196 1440 rum.
256 1393 326 1438 Ad
358 1392 548 1437 Ennium
579 1408 602 1436 e
632 1390 752 1436 Festi
783 1390 876 1437 loco
907 1391 1152 1456 pellendum
1180 1392 1240 1437 nil
1271 1410 1445 1456 prorsus

90 1469 274 1525 faciunt,
307 1484 415 1530 quae
453 1467 634 1513 citantur
673 1483 724 1512 ex
765 1462 921 1513 Isidori
960 1466 1084 1530 orig.
1119 1467 1153 1512 1.
1182 1466 1251 1524 26,
1279 1486 1322 1531 p.
1346 1474 1445 1528 840,

91 1544 206 1590 Mar.
239 1542 412 1589 Victor.
442 1559 485 1604 p.
517 1540 646 1597 2456,
683 1540 864 1601 Quintil.
900 1542 933 1587 Ι.
964 1551 1006 1598 7,
1033 1553 1099 1593 14.
1171 1541 1294 1588 Haec
1333 1546 1445 1590 enim

92 1619 237 1665 omnia
267 1618 310 1670 id
341 1616 574 1673 affirmant,
607 1616 721 1679 quod
749 1633 873 1661 nemo
903 1616 1094 1678 negabit,
1126 1615 1318 1680 antiquos
1349 1618 1445 1665 Ro-

92 1710 315 1739 manorum
346 1692 573 1754 scriptores
611 1707 699 1735 non
739 1690 977 1753 duplicasse
1015 1690 1197 1747 litteras,
1235 1693 1310 1738 sed
1348 1696 1443 1741 sici-

91 1767 174 1815 lico
206 1784 334 1833 supra
364 1766 505 1830 posito
526 1765 732 1813 indicasse
755 1781 849 1811 eam
879 1782 1006 1829 quam
1036 1766 1239 1828 geminari
1271 1780 1443 1831 oporte-

92 1843 179 1901 bat,
211 1854 252 1889 et
282 1843 320 1888 si
349 1841 535 1889 Ennium
555 1840 725 1886 Livium
757 1857 923 1904 quoque
956 1840 1190 1886 excludunt.
1254 1841 1442 1890 Missum

92 1918 200 1965 facio
222 1937 315 1964 cum
335 1918 417 1963 hoc
437 1916 555 1963 Festi
575 1916 670 1962 loco
701 1915 842 1971 alium,
874 1935 914 1961 v.
938 1916 1118 1973 Torum,
1143 1916 1227 1979 qui,
1248 1917 1331 1963 nisi
1351 1936 1444 1965 001·-

93 1993 259 2056 ruptela
288 1992 467 2048 laborat,
499 2002 609 2037 certe
639 2001 726 2035 tam
757 1990 907 2036 dubiae
939 1991 1170 2036 sententiae
1202 2002 1278 2048 est,
1310 2004 1356 2038 ut
1376 1994 1448 2057 qui

95 2085 190 2114 cum
223 2068 407 2114 Osanno
439 2077 481 2113 et
510 2066 582 2130 qui
611 2077 758 2112 contra
788 2065 961 2123 sentiat,
991 2065 1110 2112 facile
1142 2084 1238 2113 eum
1258 2067 1336 2113 sibi
1356 2069 1446 2115 vin-

95 2143 233 2186 dicare
263 2143 412 2204 possit.
472 2141 613 2186 Porro
652 2134 943 2202 argumentum
974 2141 1204 2186 desumitur
1254 2160 1304 2186 ex
1336 2159 1445 2200 aere,

94 2214 227 2261 Ennii
257 2226 445 2279 tempore
475 2216 694 2280 inscripto,
726 2226 896 2262 senatus
928 2215 1163 2263 consultum
1185 2216 1235 2261 de
1255 2216 1445 2263 Baccha-

95 2290 262 2336 nalibus
305 2292 564 2348 continente,
595 2292 640 2336 in
671 2308 755 2354 quo
792 2301 1036 2336 constanter
1065 2307 1173 2347 ese,
1204 2290 1445 2350 habuise,

95 2367 218 2413 ades
232 2384 268 2423 e,
291 2366 606 2414 >invasisent
635 2377 677 2412 et
707 2366 792 2412 alia
822 2366 1072 2412 scribuntur.
1130 2364 1201 2421 At,
1223 2365 1258 2410 si
1278 2365 1445 2414 Ennius

95 2442 307 2504 geminare
357 2441 520 2487 litteras
576 2453 795 2506 coeperat,
845 2459 946 2487 num
988 2440 1084 2486 ideo
1133 2454 1281 2485 omnes
1330 2441 1447 2489 illico

196 2627 230 2672 ¹)
256 2627 398 2665 Osann.
424 2640 494 2678 pro
506 2627 567 2667 Vi
591 2626 831 2677 scripsitUt3
859 2625 978 2666 Codd.
991 2632 1027 2665 et
1039 2625 1134 2663 Edd.
1148 2631 1219 2664 vet.
1233 2633 1450 2667 constanter

95 2681 152 2719 vi
176 2684 377 2722 exhibent.>
