1730 3015
235 287 385 332 bemus
399 322 412 344 ,
451 284 608 331 milites
649 282 876 329 Romanos
913 283 1173 347 triumphum
1209 281 1460 328 comitantes
1499 297 1591 326 car-

235 362 355 408 mina
387 362 438 407 de
470 359 693 405 victoribus
726 359 901 405 ducibus
941 359 1159 405 cecinisse.
1219 358 1268 404 Si
1306 373 1477 404 carmen
1512 355 1593 401 ali-

238 438 351 500 quod
383 435 561 499 epicum,
593 433 717 498 quale
748 432 1012 481 Niebuhrius
1045 434 1148 492 vult,
1191 433 1411 480 Ciceronis
1443 443 1485 479 et
1514 430 1592 477 Li-

236 512 292 557 vii
335 510 596 572 temporibus
635 510 866 566 extitisset,
914 521 986 556 aut
1026 512 1065 556 si
1100 510 1227 555 modo
1268 509 1384 555 fama
1423 508 1475 553 de
1517 506 1593 551 illo

236 585 379 630 delata
419 595 551 641 esset,
599 596 709 630 certe
747 584 938 631 Romani
981 586 1205 649 scriptores
1249 598 1414 629 summo
1465 597 1593 644 opere

234 659 342 705 illud
383 658 666 721 plaudebant,
716 677 844 722 quum
888 660 1041 705 omnia
1067 676 1142 705 sua
1185 658 1359 704 summis
1397 656 1595 702 laudibus

236 735 397 790 efferre,
439 745 481 779 et
517 733 650 779 multo
687 735 827 779 minus
867 735 1050 798 probata
1088 750 1256 779 servare
1293 744 1335 778 ct
1374 740 1595 794 praestan-

237 808 418 854 tioribus
456 808 639 854 inventis
685 808 867 855 aliorum
904 820 1162 872 anteponere
1204 807 1409 864 solerent,
1452 805 1598 852 itaut

241 883 397 930 Cicero
431 884 540 928 adeo
571 883 701 928 libere
733 885 994 947 profiteatur,
1029 900 1074 927 se
1105 884 1336 945 praeterire
1368 882 1454 939 illa,
1488 896 1596 944 quac

238 957 430 1005 Romani
469 974 494 1002 a
525 957 749 1020 peregrino
793 957 910 1003 fonte
949 957 1161 1014 duxerint,
1204 976 1276 1014 ne,
1319 959 1429 1020 'quae
1467 973 1599 1020 pepe-

236 1034 347 1079 risse
375 1032 459 1094 ipsi
480 1041 740 1095 putarentur,
772 1033 941 1078 aliunde
964 1033 1164 1078 didicisse
1184 1032 1421 1077 videantur.
1461 1030 1599 1076 Prae-

196 1118 207 1128 ‘
237 1118 354 1153 terea
397 1106 613 1153 Ciceronis
652 1118 834 1153 aetatem
875 1106 998 1153 facile
1037 1107 1244 1170 attingere
1289 1117 1488 1170 poterant
1524 1104 1601 1151 illa
1645 1149 1648 1151 ,

239 1183 441 1238 carmina,
474 1181 509 1226 si
540 1198 646 1244 quae
678 1180 880 1236 fuissent3
911 1182 1132 1244 republica
1162 1182 1276 1227 enim
1305 1182 1392 1227 iam
1421 1180 1599 1226 florente

241 1268 337 1314 orta
377 1273 486 1312 esse,
533 1256 663 1313 docet
692 1256 786 1319 ipse
817 1254 1097 1303 Niebuhrius.
1160 1257 1249 1303 Sed
1280 1266 1491 1302 auctores.
1512 1271 1602 1301 non

243 1332 383 1377 solum
414 1341 555 1376 tacent
585 1331 636 1376 de
669 1331 842 1394 antiqua
872 1332 994 1395 epica
1024 1332 1164 1396 poesi3
1204 1333 1261 1378 ad
1289 1330 1598 1378 unumomncs

241 1403 746 1468 Andronicumprimum
785 1406 960 1467 dignum
998 1404 1234 1453 habuerunt
1263 1418 1435 1470 poetam
1477 1423 1602 1469 quem

240 1480 486 1535 laudarent,
534 1491 576 1524 et
622 1478 835 1525 Naevium
876 1482 1061 1543 primum
1105 1482 1388 1538 tradiderunt,
1434 1482 1507 1543 qui
1548 1481 1601 1525 de

239 1554 365 1600 rebus
410 1553 541 1616 gestis
583 1552 881 1601 Romanorum
923 1572 1096 1602 carmen
1142 1556 1309 1619 epicum
1355 1555 1604 1602 condiderit.

242 1627 362 1676 Nam
393 1629 527 1676 Ennii
557 1628 869 1692 fragmentum:

960 1708 1176 1771 Scripsere
1209 1707 1282 1753 alii
1310 1724 1402 1753 rem

304 1778 520 1826 Versibus
555 1798 662 1845 quos
696 1781 798 1827 olim
829 1781 966 1828 Fauni
996 1794 1198 1846 vatesque
1230 1782 1464 1828 canebant:

304 1855 449 1915 Quum
479 1874 615 1919 neque
638 1857 865 1902 Musarum
897 1857 1097 1919 scopulos
1130 1857 1352 1919 quisquam
1382 1867 1602 1920 superarat

263 1962 266 1963 ν
304 1926 402 1975 Nec
434 1930 533 1975 dicti
564 1931 774 1977 studiosus
806 1942 985 1977 erat>—

264 2035 268 2040 ·
306 2003 418 2048 Ante
448 2003 560 2050 hunc
589 2032 647 2039 —-
678 2033 737 2040 --

247 2077 539 2124 testimonium
571 2080 805 2127 carminum
845 2080 1059 2146 epicorum
1098 2081 1363 2145 antiquorum
1401 2100 1489 2129 non
1525 2084 1601 2129 ad-

247 2152 468 2210 hibuerim,
511 2171 638 2216 quum
678 2155 744 2200 vel
776 2156 832 2201 ad
862 2157 1065 2202 vaticinia
1094 2155 1308 2215 Romana,
1346 2169 1392 2204 ut
1425 2158 1601 2203 Colum-

246 2243 330 2276 nae
370 2228 532 2291 placuit
574 2238 630 2283 <v.
656 2241 743 2275 not.
770 2231 835 2275 'ad
866 2230 947 2277 hoc
976 2231 1129 2293 fragm.
1160 2250 1201 2294 p.
1225 2241 1328 2288 ΜΩ),
1360 2233 1428 2277 vel
1458 2234 1600 2295 potius

248 2302 305 2348 ad
326 2301 554 2361 Naevium,
584 2321 709 2368 quem
739 2304 906 2352 Ennius
937 2306 1152 2365 detrectat,
1175 2319 1366 2372 spectare
1395 2307 1601 2354 videatur.

365 2378 449 2424 His
479 2380 749 2437 carminibus,
779 2382 1083 2445 qualiacunque
1111 2394 1244 2438 erant,
1267 2399 1355 2427 non
1379 2381 1603 2427 dissimiles

247 2450 389 2499 fuisse¹
407 2454 599 2501 existimo
641 2452 829 2513 NeniaS,
861 2473 968 2520 quae
1006 2457 1064 2504 ad
1094 2457 1310 2504 tibicinem
1340 2454 1605 2519 conscriptae

248 2529 606 2590 quemadmodum
621 2530 698 2576 illa
728 2530 875 2576 laudes
906 2532 1117 2578 clarorum
1147 2533 1335 2584 virorum
1364 2529 1605 2587 efferebant,

248 2601 505 2649 abstinentes
537 2604 653 2650 omni
682 2601 793 2651 tristi
819 2601 1034 2669 quaerela.
1071 2603 1190 2653 'Cfr.
1218 2604 1313 2651 Cic.
1340 2604 1392 2651 de
1408 2603 1529 2668 Leg.
1546 2605 1609 2652 H.
