1730 3015
870 98 951 189 78

234 270 311 317 teri
363 271 416 317 de
472 287 523 316 ea
568 269 781 315 disserunt
837 268 987 314 Livius
1039 267 1172 323 (VII.
1202 276 1259 321 2.)
1297 277 1341 313 et
1389 265 1590 314 Valerius

236 344 335 400 (IV.
368 354 441 401 4.),
485 360 663 406 quorum
705 342 788 388 loci
829 343 991 389 maiore
1033 360 1133 389 cura
1172 342 1440 389 examinandi
1481 353 1591 388 sunt.

232 419 383 466 Livius
424 419 527 464 haec
566 417 717 464 refert:
763 416 942 476 „Livius
983 429 1083 482 post
1125 418 1283 482 aliquot
1323 433 1475 474 annos,
1517 416 1591 480 qui

234 496 289 541 ab
337 494 501 541 Saturis
542 509 669 539 ausus
712 504 779 539 est
814 493 978 557 primus
1018 504 1264 555 argumento
1300 491 1491 539 fabulam
1528 508 1593 539 sea·

232 587 326 615 rere
368 570 497 624 (idem
537 568 695 614 scilicet
725 568 769 613 id
802 569 917 631 quod
947 587 1092 614 omnes
1132 580 1220 614 tum
1262 578 1381 613 erant
1419 584 1593 612 suorum

234 644 466 690 carminum
507 650 656 699 actor),
698 642 850 688 dicitur
881 660 1010 705 quum
1043 644 1209 706 saepius
1251 652 1474 687 revocatus
1519 657 1593 686 vo-

235 736 325 764 cem
345 718 612 772 -obtudisset,
644 717 767 762 venia
797 717 928 780 petita
959 735 1138 780 puerum
1159 718 1214 762 ad
1236 716 1473 762 canendum
1495 724 1592 762 ante

232 792 452 839 tibicinem
497 810 625 855 quum
665 792 908 848 statuisset,
949 792 1156 850 canticum
1194 792 1330 854 egisse
1372 790 1592 852 aliquanto

234 868 375 929 magis
408 867 574 929 vigente
607 876 737 923 motu,
772 865 871 928 quia
900 863 1004 909 nihil
1035 864 1151 910 vocis
1182 881 1285 911 usus
1316 864 1592 928 impediebat.

234 942 341 987 Inde
373 942 428 986 ad
464 957 637 985 manum
680 939 841 984 cantari
879 938 1154 983 histrionibus
1196 950 1411 1001 coeptum,
1456 940 1594 984 diver-

233 1016 388 1077 biaque
437 1024 602 1058 tantum
644 1012 836 1075 ipsorum
875 1012 970 1057 voci
1012 1012 1198 1057 relicta.''
1257 1011 1461 1058 Valerius
1503 1012 1593 1059 fere

205 1090 385 1140 ,eadem
415 1088 567 1134 tradit:
612 1086 860 1144 „Paulatim
899 1087 1051 1132 deinde
1082 1086 1242 1133 ludicra
1274 1103 1343 1132 ars
1375 1088 1433 1133 ad
1464 1088 1593 1134 Satu-

231 1181 375 1209 rarum
405 1163 558 1208 modos
592 1163 817 1228 perrepsit‚
849 1179 874 1208 a
896 1162 1047 1225 quibus
1079 1161 1240 1224 primus
1273 1162 1460 1208 omnium
1489 1162 1593 1227 poe-

234 1250 280 1284 ta
310 1238 474 1294 Livius,
514 1238 569 1282 ad
608 1236 850 1282 fabularum
892 1247 1141 1298 argumenta
1179 1238 1460 1299 spectantium
1502 1238 1593 1283 ani-

233 1329 330 1357 mos
363 1310 591 1357 transtulit.
653 1311 780 1374 Isque
813 1311 878 1357 sui
909 1311 1050 1374 operis
1083 1321 1213 1368 actor,
1259 1328 1385 1374 quum
1404 1313 1592 1376 zsaepius

235 1405 261 1434 a
292 1387 453 1451 populo
493 1396 714 1432 revocatus
754 1402 901 1432 vocem
942 1386 1204 1442 obtudisset,
1245 1386 1433 1432 adhibito
1474 1388 1595 1451 pueri

234 1473 275 1508 ct
317 1461 499 1507 tibicinis
539 1470 763 1517 concentu,
801 1460 1165 1523 gesticulationem
1203 1461 1353 1508 tacitus
1391 1463 1596 1526 peregit.’'

231 1537 302 1582 Ex
334 1548 511 1598 utroque
543 1536 638 1581 loco
676 1535 952 1580 manifestum
993 1547 1071 1590 est,
1109 1536 1344 1582 Andronici
1382 1536 1427 1581 in
1464 1538 1617 1583 rebusv

234 1611 413 1656 scenicis
445 1609 744 1656 Romanorum
775 1610 928 1655 merita
958 1610 1184 1673 praecipue
1215 1611 1260 1655 in
1302 1627 1351 1656 eo
1392 1612 1596 1674 ponenda

233 1702 353 1741 csse,
396 1685 510 1747 quod
548 1695 828 1746 „argumento
868 1683 1060 1730 fabulam
1103 1687 1266 1730 serere⁹³
1305 1686 1511 1749 coeperit,
1552 1698 1594 1732 et

231 1759 313 1806 hoc
343 1760 481 1805 solum
514 1759 642 1805 ceteri
673 1770 869 1805 auctores
902 1759 972 1822 qui
1009 1771 1160 1821 poetae
1184 1761 1447 1806 ‘mentionem
1489 1760 1593 1807 faci-

232 1845 320 1891 unt,
353 1834 478 1879 laude
513 1834 687 1895 dignum
717 1833 915 1879 habuisse
946 1833 1155 1880 videntur.
1220 1835 1310 1881 Cfr.
1345 1835 1438 1889 Cic.
1470 1835 1593 1882 Brut.

238 1914 306 1954 18.
337 1918 411 1962 72.
445 1908 558 1954 Gell.
581 1908 728 1953 XVII.
751 1918 822 1952 21.
865 1909 989 1955 Serv.
1028 1909 1084 1954 ad
1114 1908 1242 1971 Virg,
1282 1910 1393 1964 Aen.
1414 1909 1468 1955 X.
1492 1911 1593 1956 636.

232 1982 543 2028 Diomed.111.
576 1983 677 2033 436.
724 1982 886 2026 Donat.
925 1983 976 2027 de
1021 1982 1146 2028 Com.
1186 1994 1228 2029 et
1269 1983 1403 2046 Trag.
1444 1983 1594 2048 Lydus

234 2057 287 2103 de
320 2057 442 2118 Mag.
475 2055 606 2100 Rom.
629 2056 661 2100 I.
686 2065 755 2107 [40.
779 2056 851 2101 uhi
883 2060 1039 2110 Τίνιος
1060 2075 1110 2102 ex
1131 2059 1424 2104 emendatione
1446 2060 1594 2106 Osan-

232 2133 278 2178 ni
310 2143 351 2178 et
382 2129 615 2176 Reuvensii
645 2130 689 2175 in
719 2130 889 2193 Λίβιος
929 2133 1177 2178 mutandum
1214 2144 1292 2179 est.
1352 2134 1594 2192 „Fabulam

233 2218 483 2270 argumento
516 2208 727 2251 sererere''
758 2223 904 2252 omnes
926 2207 1042 2252 Livii
1072 2208 1320 2272 interpretes
1353 2210 1455 2256 duce
1488 2209 1595 2256 Fer-

231 2283 344 2328 rario
376 2282 420 2327 in
441 2281 578 2327 Elect.
603 2281 657 2325 II.
682 2287 720 2326 5.
749 2292 976 2345 exponunt,
997 2281 1186 2327 fabulam
1208 2295 1456 2346 argumento
1479 2301 1594 2330 com-

230 2374 404 2420 ponere,
437 2357 633 2412 condere,
675 2367 716 2401 et
746 2374 798 2401 ne
831 2356 896 2402 cui
928 2356 1132 2402 dubitatio
1173 2370 1358 2415 mancat,
1397 2359 1500 2421 quid
1541 2358 1595 2404 sit

232 2443 549 2495 argumentum,
591 2431 793 2477 adhibent
823 2430 963 2478 locum
1002 2432 1260 2492 Quintiliani
1300 2434 1407 2479 Inst.
1438 2432 1499 2479 V.
1527 2442 1593 2478 10.

233 2517 273 2561 9.
315 2506 534 2564 „Fabulae
578 2507 633 2552 ad
680 2517 819 2552 actum
869 2508 1043 2561 (aeu1s?)
1086 2526 1306 2555 scenarum
1337 2508 1594 2572 compositae

233 2593 483 2644 argumenta
514 2582 742 2628 dicuntur.’'
776 2582 863 2628 Sed
889 2581 1182 2643 Quintilianus
1213 2583 1429 2630 nonnullis
1451 2602 1590 2631 exem-
