1730 3015
736 540 886 619 Cap.
915 542 966 601 l.

170 651 317 721 Artis
357 670 574 720 cuiusdam
613 668 731 731 apud
772 680 937 715 veteres
971 668 1164 714 Graecos
1207 678 1279 713 aut
1308 668 1531 717 Romanos

171 749 380 810 originem
409 745 715 807 investigatum
746 745 933 789 maxima
964 743 1212 806 plerumque
1253 744 1353 788 inde
1395 746 1533 790 nasci-

171 833 240 868 tur
272 819 516 878 difficultas‚
560 819 690 883 quod,
736 836 844 883 quae
875 818 1054 883 probari
1083 828 1266 881 possunt
1296 818 1420 864 certis
1463 837 1534 866 au-

171 908 336 942 ctorum
373 895 643 951 testimoniis,
687 906 823 940 artem
862 910 1020 956 magna
1051 911 1103 938 ex
1148 893 1399 955 parte-iam
1438 911 1535 956 per-

107 1016 114 1024 ,
169 970 326 1019 sectam
357 982 398 1017 et
430 970 553 1034 quasi
583 970 671 1016 lato
703 968 1005 1034 profundoque
1036 968 1125 1014 iam
1166 966 1379 1032 fluentema>
1412 969 1537 1016 alveo

168 1047 295 1091 nobis
326 1057 582 1100 monstrant,
621 1046 682 1090 ita
712 1056 758 1089 ut
793 1061 881 1088 non
918 1054 1136 1107 appareat,
1174 1043 1287 1087 unde
1326 1061 1535 1106 provene-

168 1119 255 1165 rint
283 1118 411 1163 rivuli
440 1119 560 1173 varii,
605 1119 677 1181 qui
718 1118 928 1163 coniuncti
966 1118 1103 1161 undas
1144 1117 1353 1179 praebent
1389 1117 1533 1165 fluvio.

170 1194 270 1240 Hos
303 1204 445 1239 autem
475 1192 636 1238 rivulos
680 1193 737 1238 ad
776 1192 918 1237 fontes
961 1208 1094 1252 usque
1137 1204 1419 1253 persequatur
1460 1212 1534 1239 ne-

173 1285 292 1315 cesse
336 1279 415 1323 est,
460 1267 532 1330 qui
573 1284 719 1312 veram
762 1277 804 1310 et
844 1264 1079 1328 perfectam
1122 1265 1254 1310 oculis
1298 1283 1537 1328 proponere

172 1344 315 1389 studet
345 1342 448 1389 artis
481 1342 727 1405 imaginem,
770 1359 821 1387 ex
854 1357 939 1404 qua
982 1339 1210 1403 colligatur
1248 1341 1373 1404 quale
1413 1342 1540 1390 fuerit

172 1430 362 1465 veterum
392 1418 621 1480 ingenium,
653 1429 696 1463 et
727 1416 943 1481 quomodo
976 1416 1034 1462 ad
1064 1414 1168 1461 illud
1202 1417 1316 1479 quod
1347 1418 1539 1464 videmus

172 1493 447 1559 perfectionis
479 1491 698 1555 fastigium
728 1491 1011 1556 pervenerint.
1067 1491 1428 1538 Descendendum
1459 1495 1538 1544 ita-

176 1585 255 1632 que
287 1578 348 1613 est
378 1578 497 1614 trans
531 1584 654 1613 verae
686 1567 888 1613 historiae
920 1566 1078 1612 indicia
1107 1566 1152 1611 in
1191 1565 1431 1615 fabularum
1473 1588 1538 1616 re-

174 1645 335 1705 giones,
369 1659 477 1705 quae
511 1642 644 1701 densa
674 1641 833 1688 nebula
862 1641 1087 1687 involvunt
1127 1640 1280 1686 artium
1320 1642 1454 1699 initia,
1498 1656 1540 1690 et

175 1728 345 1765 cautum
389 1734 555 1779 quoque
600 1716 753 1779 pedem
795 1732 924 1779 saepe
959 1713 1134 1760 fallunt.
1204 1715 1373 1762 Omnes
1425 1718 1539 1763 enim

176 1804 290 1836 artes
306 1792 516 1852 ingenuae
546 1802 635 1835 tam
659 1791 857 1852 antiquae
891 1801 988 1833 sunt
1020 1806 1146 1851 quam
1179 1791 1356 1834 deorum
1387 1792 1539 1848 cultus,

175 1883 227 1914 ac
256 1866 494 1913 reverentia
525 1883 625 1927 erga
656 1883 814 1911 numen
844 1865 1033 1910 divinum
1073 1876 1115 1911 et
1145 1876 1282 1911 mater
1322 1877 1363 1911 et
1403 1868 1542 1913 nutrix

177 1959 323 1988 earum
361 1960 459 1987 vere
498 1941 781 2006 praedicatur.
843 1940 1023 2000 „Quum
1064 1942 1263 2004 primum,
1306 1942 1365 1987 ait
1401 1940 1543 1989 Tran-

179 2017 335 2080 quillus
369 2017 483 2081 apud
516 2017 731 2063 Isidorum
752 2016 858 2065 VII.
881 2027 938 2072 7.,
978 2015 1173 2062 homines
1217 2028 1341 2063 exuta
1380 2018 1544 2069 feritate

177 2092 387 2136 rationem
418 2093 528 2137 vitae
560 2092 716 2137 habere
756 2091 1015 2154 coepissent,
1048 2109 1177 2154 seque
1211 2109 1259 2138 ac
1303 2094 1405 2138 deos
1447 2109 1546 2140 suos

178 2183 323 2220 nosse,
357 2166 514 2212 cultum
541 2167 755 2213 modicum
784 2178 825 2212 et
855 2183 1097 2212 sermonem
1120 2169 1405 2214 necessarium
1430 2186 1544 2214 com-

178 2241 311 2286 menti
340 2240 434 2296 sibi,
465 2243 679 2305 utriusque
711 2242 1076 2304 magnificentiam
1097 2243 1152 2288 ad
1173 2242 1422 2303 religionem
1446 2244 1544 2288 deo-

179 2334 275 2361 rum
307 2332 480 2361 suorum
511 2316 872 2379 excogitaverunt.
924 2317 1057 2379 Igitur
1087 2328 1131 2362 ut
1164 2316 1322 2380 templa
1352 2317 1437 2362 illis
1469 2318 1544 2363 do-

179 2390 319 2436 mibus
370 2377 588 2454 pulcriora
638 2391 873 2448 faciehant,
936 2393 997 2438 ita
1040 2391 1209 2454 eloquio
1253 2392 1379 2437 etiam
1429 2393 1549 2455 quasi

175 2466 422 2527 'augustiore
449 2464 725 2510 honorandos
758 2478 1026 2528 putaverunt,
1066 2467 1297 2529 laudesque
1328 2483 1475 2513 eorum
1507 2480 1550 2513 et

179 2541 322 2586 verbis
363 2539 661 2586 illustrioribus
707 2551 749 2585 et
787 2541 1101 2587 iucundioribus
1148 2541 1336 2587 numeris
1388 2544 1549 2589 extule-

178 2618 316 2661 runt.''
366 2614 501 2677 Quod
530 2614 600 2664 hic
630 2612 912 2686 Tranquillus
946 2618 999 2665 de
1030 2628 1119 2665 arte
1151 2616 1355 2680 loquendi
1386 2629 1429 2665 et
1459 2636 1550 2667 car-

1243 2700 1263 2733 1
