1730 3015
723 174 808 253 47·

203 338 275 385 De
319 333 481 384 exodiis
527 345 686 394 magna
727 329 780 376 lis
822 328 925 388 suit,
973 346 1025 376 eo
1065 328 1293 394 praecipue
1333 339 1441 387 orta,

86 414 200 477 quod
233 412 307 476 qui
349 411 401 456 de
430 409 484 453 iis
515 405 785 461 dissererent,
824 404 1020 450 latiorem
1058 403 1182 450 huius
1222 403 1341 448 vocis
1385 404 1440 449 si-

85 487 397 551 gnificationem
427 496 516 527 non
545 479 646 525 satis
678 479 984 541 distinguerent
1012 478 1066 525 ab
1089 479 1259 525 artiore.
1319 478 1440 525 Exo-

85 563 169 620 dia,
200 562 252 607 de
285 558 436 622 quibus
458 554 606 600 Livius
636 553 833 615 loquitur,
863 552 1088 599 Atellanas
1119 570 1207 599 non
1237 571 1346 611 esse,
1379 553 1441 600 ita

83 648 130 683 ut
158 653 238 701 pro
269 631 484 682 Atellanis
514 627 664 675 exodia
695 628 799 691 poni
828 627 1008 691 possint,
1042 645 1091 673 ex
1122 628 1262 675 allatis
1295 629 1437 676 verbis

81 710 358 757 manifestum
389 717 479 752 est:
508 702 707 750 ridiculos
737 703 854 749 iocos
884 701 1084 765 antiquos
1116 704 1267 750 exodia
1286 705 1436 770 appel·

81 786 212 842 latos,
253 795 294 830 et
334 792 487 846 postea
528 779 573 825 in
613 778 837 825 Atellanos
884 789 1101 840 susceptos
1132 795 1245 835 esse,
1290 780 1350 825 ita
1391 791 1439 826 ut

79 859 292 906 Atellanis
319 856 452 902 multa
465 853 619 901 exodia
649 863 983 910 consererentur,
1014 868 1165 899 sensus
1195 863 1257 899 est
1286 855 1437 900 verbo-

78 952 172 981 rum
202 931 330 989 Livii,
373 930 457 977 nisi
485 929 593 977 forte
626 929 720 994 quis
753 928 969 975 obstinato
1002 927 1146 974 animo
1177 926 1309 974 aliam
1339 946 1438 976 sen-

78 1008 254 1054 tentiam
283 1018 531 1070 extorquere
561 1004 665 1051 vult.
726 1004 896 1050 Eodem
925 1021 1054 1050 sensu
1085 1004 1283 1049 exodium
1314 1022 1436 1051 usur-

74 1082 194 1148 pavit
223 1081 453 1129 Suetonius
495 1080 540 1127 in
572 1079 677 1127 Tib.
700 1098 733 1127 c.
755 1086 832 1132 45:
873 1079 1032 1136 „Unde
1062 1089 1166 1124 nota
1195 1078 1239 1125 in
1270 1079 1435 1125 Atella-

75 1158 172 1204 nico
217 1157 370 1202 exodio
417 1155 620 1220 proximis
664 1155 775 1200 ludis
808 1170 999 1200 assensu
1036 1153 1220 1199 maximo
1259 1165 1433 1220 excepta

74 1232 310 1298 percrebuit
322 1233 354 1276 :'’
384 1242 462 1277 etc.
503 1241 544 1276 et
574 1230 620 1275 in
648 1230 815 1275 Domit.
836 1247 870 1275 c.
896 1238 971 1273 10:
1011 1229 1213 1285 „Occidit
1250 1241 1292 1275 et
1322 1230 1433 1276 Hel·-

74 1307 236 1353 vidium
257 1306 393 1351 filium
416 1304 549 1359 (Junii
569 1304 768 1358 Rustici),
801 1303 925 1365 quasi
955 1303 1119 1348 scenico
1151 1304 1316 1361 exodio,
1350 1305 1431 1351 sub

73 1397 256 1446 persona
276 1379 448 1425 Paridis
471 1390 512 1425 et
532 1378 738 1425 Oenones
770 1375 997 1422 divortium
1027 1393 1148 1423 suum
1178 1395 1272 1424 cum
1301 1395 1432 1426 uxore

74 1456 301 1502 taxasset.’'
361 1453 485 1500 Adde
516 1452 720 1500 Juvenal.
752 1452 845 1499 Sat.
867 1450 951 1498 VI.
982 1470 1023 1497 v.
1043 1463 1123 1507 71:

290 1529 471 1575 Urbicus
503 1528 655 1573 exodio
685 1527 818 1572 risum
848 1538 992 1572 movet
1020 1527 1259 1573 Atellanae.

76 1605 165 1651 Cfr.
199 1605 374 1652 sueton.
407 1603 547 1665 Calig.
569 1621 602 1649 c.
625 1612 695 1657 27.
756 1602 821 1648 Ut
850 1602 896 1647 in
925 1601 992 1647 his
1023 1601 1127 1648 locis
1160 1602 1330 1666 singula
1361 1603 1424 1651 di-

73 1680 203 1726 cteria
232 1679 321 1724 sive
353 1678 464 1725 sales
496 1677 648 1724 exodia
689 1676 874 1733 audiunt,
916 1676 975 1723 ita
1015 1687 1167 1742 postea
1208 1679 1425 1742 quodcun-

74 1774 154 1818 que
184 1754 319 1801 facete
351 1765 392 1800 et
422 1765 541 1800 acute
572 1753 701 1799 etiam
731 1763 846 1798 extra
879 1751 1087 1798 theatrum
1119 1752 1288 1810 dictum,
1320 1772 1422 1800 exo-

74 1832 189 1877 dium
238 1821 480 1889 vocab-atur.
558 1828 807 1891 Hieronym.
851 1827 907 1872 ad
951 1826 1165 1873 Gaudent.
1216 1825 1423 1892 Ep.12:

72 1884 583 1968 „Secundum⁴praeclari
613 1901 795 1948 oratoris
827 1901 1037 1957 exodium,
1069 1919 1166 1966 spes
1197 1903 1241 1948 in
1268 1920 1319 1949 ea
1342 1904 1424 1958 (in-

72 1980 253 2033 fantula)
287 1980 424 2042 magis
455 1979 674 2025 laudanda
706 1978 774 2034 sit,
807 1994 934 2040 quam
965 1981 1074 2022 res.’'
1116 1977 1250 2025 Recte
1282 1979 1423 2043 itaque

74 2044 273 2114 Sigonius
316 2055 371 2100 ad
399 2053 514 2099 Livii
544 2053 685 2098 locum
715 2052 865 2097 exodia
906 2063 1127 2116 comparat
1157 2071 1251 2099 cum
1281 2054 1423 2118 episo-

73 2127 165 2184 diis,
196 2128 247 2173 de
279 2129 429 2192 quibus
463 2127 650 2175 suidas:
691 2125 980 2175 Ἐπεισόδιον
1010 2125 1064 2175 τό
1093 2124 1424 2194 εἰσφερόμενον

70 2203 134 2262 τῷ
164 2201 365 2267 δράματι
394 2206 589 2266 γέλωτος
617 2202 780 2268 χάριν,
820 2206 919 2261 ἔξω
948 2204 1030 2270 τῆς
1069 2204 1329 2257 ὑποθέσεως
1356 2203 1420 2251 ὅν.

70 2276 152 2322 Illa
194 2278 387 2339 episodia
425 2297 561 2342 neque
600 2289 713 2325 certa
755 2280 940 2341 quadam
979 2281 1141 2342 species
1183 2280 1419 2324 dramatum

71 2362 207 2407 erant,
258 2369 394 2414 neque
439 2355 513 2400 uni
552 2365 714 2400 tantum
746 2354 938 2399 'dramati
962 2354 1291 2409 inserebantur,
1335 2371 1420 2415 qua

68 2424 264 2472 libertate
295 2426 424 2472 ctiam
459 2429 612 2475 exodia
652 2428 888 2484 utebantur,
932 2429 1046 2492 quod
1075 2415 1223 2472 Livius
1256 2427 1417 2489 signifi-

17 2554 22 2563 ·
68 2511 134 2545 cat
163 2501 227 2562 τῷ
254 2501 603 2564 potissimum,
635 2514 678 2550 et
708 2503 785 2549 alii
815 2514 959 2566 aperte
987 2504 1151 2548 docent.
1210 2501 1417 2565 Plerique

66 2576 360 2634 recentiorum,
392 2577 466 2641 qui
495 2579 549 2624 de
568 2578 730 2625 exodiis
761 2595 1001 2625 sermonem
1030 2577 1202 2634 faciunt,
1233 2577 1417 2641 permoti

67 2647 183 2695 vocis
212 2652 471 2717 etymologia
495 2649 548 2700 et.
571 2653 716 2703 enodis
733 2653 1012 2702 Graecarum
1040 2652 1295 2711 fabularum,
1311 2664 1415 2700 -sta-
1454 2698 1456 2700 .
